3094 5125
809 528 1445 582 MATHEMA'rlcAE
1487 532 1972 584 nomERNAE.
2300 520 2426 585 141

345 694 567 785 sione,
629 698 953 794 exempli
1022 723 1267 788 causa,
1331 707 1626 789 2,6‚18,
1688 699 2160 772 concedimus
2214 702 2433 773 ambo
2512 724 2810 766 numana

343 833 812 882 communem
849 811 1466 908 multiplicantem
1529 837 1688 885 esse
1739 822 1806 903 3,
1846 814 1998 885 sive
2048 814 2115 886 R
2162 814 2311 886 sive
2349 815 2432 886 M
2516 876 2530 892 ,
2621 805 2704 846 ¹V‘
2788 875 2805 896 ,

345 923 758 1019 appellatur
790 952 806 995 ε
862 924 985 997 ille
1020 938 1264 998 autem
1301 926 1444 999 hoc
1480 927 1816 1022 amplius,
1852 927 2210 999 rationem
2260 937 2303 1001 2
2341 928 2437 1000 ad

345 1044 388 1106 6
425 1058 583 1109 esse
622 1046 692 1109 3.
800 1037 899 1109 Et
937 1050 1346 1134 propterea,
1382 1062 1601 1133 quem
1637 1063 2024 1112 numerum
2061 1064 2199 1136 ego
2236 1063 2437 1112 com-

345 1172 640 1220 munem
713 1148 1328 1245 multiplicantem
1385 1175 1596 1238 vo00,
1666 1151 1986 1248 appellat
2054 1152 2176 1224 ille
2236 1177 2437 1224 com-

347 1285 644 1335 munem
680 1263 1065 1335 rationem.
1137 1262 1354 1336 Unde
1388 1265 1477 1336 fit
1511 1275 1595 1338 ut
1629 1264 1963 1337 nonnulli
1984 1264 2178 1337 illius
2205 1266 2438 1338 secuti

349 1375 902 1465 authoritatem,
941 1377 1294 1450 rationem
1345 1387 1613 1473 putent
1666 1402 1821 1450 esse
1876 1401 2290 1467 numerum,
2329 1379 2440 1450 ni-

360 1490 623 1562 mirum
662 1491 1119 1584 quotientem
1150 1521 1168 1574 ;
1224 1489 1421 1585 quod
1448 1505 1562 1564 est
1590 1514 2001 1564 erroneum.

449 1602 546 1676 B.
602 1602 764 1676 Imo
797 1627 973 1676 vero
999 1602 1422 1676 absurdum.

447 1716 547 1789 A.
602 1715 836 1788 Video
872 1716 992 1788 hic
1028 1716 1360 1812 symbola
1408 1716 1500 1789 ab
1557 1715 1700 1789 illis
1757 1717 2022 1813 quibus
2078 1718 2435 1793 hactenus

353 1852 520 1902 usus
556 1842 694 1918 est,
731 1828 1237 1904 diversissima.

451 1943 549 2016 B.
604 1942 780 2015 Non
815 1954 988 2016 sunt
1020 1943 1147 2015 illa
1206 1942 1533 2039 symbola
1591 1942 1984 2039 algebrica,
2022 1943 2152 2016 sed
2205 1944 2436 2016 literae

356 2056 715 2129 Arabicae.

450 2169 550 2243 A.
605 2168 915 2263 Legitne
944 2168 1066 2241 ille
1093 2169 1437 2258 Arabica,
1465 2179 1551 2241 ut
1578 2167 1938 2241 clericus?

445 2280 541 2355 B.
596 2280 893 2353 Nesci0.
947 2278 1096 2353 Sed
1121 2305 1166 2352 a
1190 2280 1347 2352 viro
1376 2279 1800 2353 doctissimo
1836 2293 1913 2353 et
1942 2280 2135 2353 illius
2163 2281 2435 2376 linguae

355 2393 800 2489 peritissimo
836 2404 1140 2489 accepta
1172 2393 1360 2465 libro
1396 2416 1529 2465 suo
1560 2394 1795 2465 visum
1832 2406 1945 2466 est
1973 2394 2079 2466 illi
2114 2394 2434 2469 Arabica

349 2510 510 2584 haec
579 2509 924 2582 inserere.
1064 2508 1258 2581 Nam
1334 2507 1906 2605 progressionis
1959 2508 2437 2606 geometricoe

350 2621 787 2721 exemplum,
811 2622 1073 2717 inquit,
1111 2620 1425 2720 elegans
1461 2631 1601 2709 est,
1623 2630 1697 2694 et
1720 2630 2082 2694 vetustum
2117 2633 2191 2695 et
2213 2623 2441 2718 sorte

354 2736 664 2809 omnium
696 2735 1046 2833 primum.
1152 2734 1590 2807 Ostenditur
1624 2746 1873 2807 autem
1923 2734 2066 2808 hoc
2103 2736 2436 2831 exemplo

352 2850 428 2922 in
482 2873 703 2946 quam
759 2850 1152 2923 immanem
1192 2871 1552 2921 summam
1598 2872 1731 2945 per
1786 2873 2055 2945 paucas
2109 2849 2436 2947 duplica-

349 2963 590 3037 tiones
627 2963 985 3036 excrescit
1016 2962 1285 3035 unitas.

452 3077 552 3150 A.
606 3075 1041 3150 Ostenditur
1094 3093 1453 3171 praeterea
1513 3075 1778 3172 legisse
1833 3075 2040 3148 illum
2093 3075 2438 3149 Edwardi

349 3191 568 3287 primi
636 3199 1022 3278 statutum,
1078 3189 1173 3262 de
1241 3190 1607 3262 mensuri-s·
1668 3188 2149 3287 AnglicaniS,
2195 3200 2280 3262 ut
2347 3214 2436 3263 eo

349 3303 797 3400 transcripto
857 3303 1233 3377 videretur
1291 3303 1514 3376 etiam
1583 3301 1866 3398 peritus
1915 3302 2125 3398 juris.
2241 3302 2438 3376 Nam

348 3418 622 3512 absque
676 3415 816 3505 his,
873 3439 1035 3511 quae
1089 3415 1184 3489 ad
1252 3415 1639 3489 seientiam
1701 3415 2186 3488 arithmeticae
2253 3415 2439 3490 nihil

348 3531 748 3626 pertinent,
784 3540 1007 3626 caput
1032 3529 1175 3603 hoo
1210 3529 1663 3603 tricesimum
1691 3529 2009 3625 primum
2033 3527 2153 3601 vix
2203 3531 2440 3602 conti-

349 3656 558 3718 neret
580 3643 763 3716 duas
798 3643 1126 3739 paginas.

448 3756 544 3828 B.
600 3757 813 3829 Datis
848 3757 1181 3829 terminis
1215 3757 1456 3853 primo
1493 3767 1570 3828 et
1595 3755 1879 3845 ultimo,
1919 3758 2287 3852 quomodo
2325 3758 2441 3831 in-

355 3871 667 3959 venitur,
741 3895 958 3967 quem
1046 3870 1208 3966 quis
1281 3870 1715 3967 postularet,
1789 3871 2147 3943 terminus
2212 3872 2439 3945 inter-

353 3982 635 4057 medius
665 3982 691 4055 Ρ

453 4098 549 4169 A.
605 4096 803 4169 Dato
839 4094 1137 4192 quidem
1170 4119 1478 4169 numero
1523 4095 2032 4185 terminorum,
2066 4094 2436 4169 facillime.

355 4209 623 4283 Divido
655 4209 850 4282 enim
877 4208 1216 4281 ultimum
1252 4232 1386 4304 per
1410 4208 1755 4305 primum,
1792 4223 1869 4283 et
1906 4209 2243 4305 quotiens
2294 4208 2438 4283 erit

349 4334 686 4418 potestas
723 4322 968 4417 aliqua
1022 4345 1113 4395 ex
1159 4321 1771 4406 ascendentibus;
1824 4344 2111 4417 nempe,
2149 4320 2211 4392 si
2263 4320 2436 4392 ulti-

354 4459 521 4510 mus
582 4437 717 4508 fiat
771 4460 815 4509 a
863 4434 1473 4531 multiplicatione
1531 4433 1872 4531 quadrati
1918 4434 1997 4506 in
2043 4434 2441 4508 terminum
