3094 5125
1158 494 1669 549 DUPLmATm
1711 498 1936 552 cnm.
2447 483 2594 562 379

598 657 971 754 Jungatur
1003 659 1145 733 YX
1180 685 1436 737 secans
1469 663 1678 761 asin
1713 667 1764 740 i.
1854 669 1952 743 Et
1987 667 2088 741 iT
2116 667 2421 743 dimidio
2442 670 2591 759 YZ,

502 772 907 868 eademque
943 773 1251 850 dimidia
1284 777 1450 866 XV,
1487 791 1566 853 et
1599 779 1748 868 YZ,
1776 781 1921 855 XV
1956 783 2298 877 aequales.
2375 784 2596 859 Secta

499 895 748 957 autem
784 896 898 960 est
934 888 1062 960 PX
1100 912 1145 961 a
1177 904 1384 964 recta
1417 892 1542 966 aT
1589 893 1954 987 bifariam,
1990 895 2164 992 quia
2187 896 2297 993 fi
2331 911 2443 973 est
2489 898 2593 971 di-

499 997 727 1072 midia
763 999 981 1072 Rx*.

595 1112 695 1185 Et
728 1112 981 1208 anguli
1013 1113 1246 1203 VYX,
1277 1116 1477 1190 ZVX
1514 1118 1594 1191 in
1630 1120 2111 1195 semicirculis
2145 1123 2358 1197 recti.

597 1225 797 1321 Ergo
833 1227 1085 1322 anguli
1117 1228 1339 1319 PYX,
1373 1230 1584 1303 YXV
1619 1243 1792 1306 sunt
1824 1235 2034 1307 recti.

596 1338 796 1435 Ergo
867 1340 1134 1414 ZYXV
1202 1355 1316 1417 est
1381 1348 1919 1443 rectangulum.
2055 1350 2156 1422 Et
2223 1350 2595 1447 triangula

500 1451 716 1541 DPY,
755 1452 991 1543 DYX,
1027 1455 1241 1530 DXV
1276 1468 1449 1531 sunt
1499 1462 1956 1558 rectangula,
1993 1474 2069 1536 et
2102 1464 2589 1561 aequiangula.

596 1566 695 1639 Et
750 1579 1063 1662 quatuor
1123 1582 1347 1645 rectae
1408 1573 1535 1646 DP
1597 1575 1782 1669 (sive
1833 1576 2002 1671 AD)
2068 1577 2226 1666 DY,
2257 1578 2424 1670 DX,
2456 1579 2594 1652 DV

499 1680 849 1753 continue
883 1683 1491 1778 proportionales,

597 1797 695 1869 Et
729 1799 961 1872 cubus
1010 1823 1057 1872 a
1105 1801 1274 1890 DX,
1309 1802 1596 1877 minore
1644 1805 2074 1898 mediarum,
2113 1807 2379 1903 duplus
2424 1809 2593 1882 cubi

498 1931 543 1980 a
576 1908 733 1983 DV.
839 1912 1097 2009 Itaque
1131 1914 1473 1989 inventus
1509 1929 1622 1991 est
1656 1931 1769 1992 est
1804 1920 2035 1993 cubus
2063 1920 2327 2016 duplus
2358 1923 2526 1995 cubi
2548 1946 2594 1995 a

499 2022 657 2095 DV.
765 2025 988 2101 Quod
1022 2039 1184 2101 erat
1215 2027 1658 2103 faciendum.

602 2136 950 2234 Sequitur
981 2140 1155 2213 hinc
1191 2142 1463 2214 cubum
1498 2143 1592 2216 ab
1628 2144 1767 2217 AD
1802 2143 2108 2240 duplum
2145 2170 2305 2219 esse
2339 2146 2511 2219 cubi
2547 2171 2593 2220 a

499 2247 655 2340 DY,
683 2251 763 2324 id
790 2265 926 2342 est,
960 2266 1048 2326 ut
1083 2261 1129 2326 8
1164 2253 1260 2327 ad
1294 2265 1364 2328 4.

614 2368 870 2441 Praxis
925 2367 1276 2441 facillima
1328 2379 1461 2442 est.
1550 2370 1745 2444 Nam
1805 2370 2178 2468 descripto
2227 2373 2589 2467 quadrato

497 2484 794 2568 ABCD,
829 2492 905 2555 et
938 2493 1233 2579 sumpta
1258 2483 1407 2574 AS,
1444 2484 1614 2556 sinu
1647 2494 1743 2557 45
1781 2485 2144 2581 graduum
2173 2517 2192 2570 ;
2247 2498 2323 2558 et
2360 2486 2592 2561 divisa

501 2598 622 2670 SD
656 2596 996 2670 bifariam
1030 2596 1106 2669 in
1140 2597 1228 2685 T,
1264 2596 1583 2671 circulus
1619 2611 1876 2671 centro
1918 2599 2005 2687 T,
2041 2599 2426 2672 intervallo
2459 2602 2591 2673 TV

501 2711 934 2806 descriptus,
1000 2710 1342 2783 transibit
1408 2735 1541 2805 per
1599 2713 1698 2802 X,
1722 2711 1813 2801 Y,
1877 2711 2155 2785 medias
2219 2712 2588 2808 quaesitaS.

499 2824 637 2897 Vel
673 2824 810 2896 sic:
847 2845 893 2894 a
925 2832 1200 2917 puncto
1239 2823 1289 2894 S
1327 2822 1643 2897 ducatur
1675 2824 2306 2920 perpendicularis
2334 2848 2590 2898 secans

500 2934 1039 3011 semicirculum
1089 2934 1537 3031 descriptum
1587 2938 1794 3010 radio
1843 2938 1994 3027 aV,
2037 2938 2305 3012 iterum
2358 2938 2435 3012 in
2482 2938 2588 3023 Z;

499 3062 576 3124 et
619 3051 731 3124 PZ
783 3047 1144 3144 producta
1196 3047 1474 3121 incidet
1516 3050 1595 3121 in
1641 3049 1731 3138 Y,
1766 3062 2125 3146 punctum
2172 3052 2587 3147 quaesitum.

498 3166 632 3237 Est
666 3163 864 3236 enim
899 3159 1213 3256 angulus
1240 3160 1424 3233 VZP
1450 3162 1528 3234 in
1565 3163 2028 3237 semicirculo
2063 3177 2336 3238 rectus.

601 3277 880 3351 Contra
923 3274 1084 3346 haec
1120 3273 1482 3368 objiciunt
1546 3275 1965 3370 algebristae
2026 3276 2213 3350 duos
2265 3277 2587 3351 calculos

498 3390 1001 3464 arithmeticos
1032 3415 1050 3459 ι
1086 3410 1399 3484 quorum
1425 3389 1706 3484 primus
1730 3401 1842 3463 est
1864 3391 1908 3463 J
1914 3390 2229 3464 ohannis
2247 3390 2585 3478 Wallisii,

499 3504 935 3600 professoris
970 3502 1397 3597 geometriae
1435 3501 1786 3597 Saviliani
1836 3505 1914 3577 in
1950 3504 2354 3578 Academia
2388 3505 2583 3577 Oxo-

500 3617 763 3705 niensi,
798 3615 1008 3688 talis:

513 3770 517 3773 ⁴
600 3734 645 3768 “
673 3731 1038 3802 Ponamus
1098 3727 1418 3816 DV==1‚
1479 3727 1810 3823 adeoque
1872 3730 2024 3803 DA
2092 3731 2207 3803 vel
2273 3731 2584 3803 DP--2.

582 4013 619 4047 ⁴¹*
651 4009 688 4038 “
705 4004 751 4063 J
753 4013 1006 4080 ungatur
1027 4003 1171 4075 YX,
1196 4022 1395 4062 secans
1424 4001 1592 4078 asin
1620 4003 1657 4061 i.
1707 4002 1880 4063 Secta
1905 4013 2099 4062 autem
2120 4012 2207 4061 est
2228 4004 2347 4061 PX
2368 4024 2402 4062 a
2427 4013 2586 4063 recta

498 4099 607 4157 ἀΤ
633 4097 916 4157 bifariam.
1000 4099 1163 4174 Ergo
1206 4099 1381 4156 ducta
1409 4097 1547 4167 XT,
1593 4106 1653 4156 et
1679 4099 1976 4173 producta,
2021 4099 2238 4155 incidet
2264 4099 2325 4154 in
2357 4098 2419 4154 Z.
2505 4098 2588 4154 Et

501 4191 613 4248 XZ
641 4190 875 4266 aequalis
918 4202 1007 4248 est
1053 4191 1334 4249 diametro
1363 4190 1502 4248 YV.
1588 4190 1749 4266 Ergo
1793 4200 1910 4249 tam
1941 4191 2037 4248 Te
2063 4209 2236 4265 quam
2266 4190 2353 4247 Ti
2378 4199 2466 4248 est
2494 4210 2589 4258 se-‚

500 4285 689 4343 missis
714 4293 887 4343 rectae
916 4284 1059 4355 VK,
1090 4293 1148 4343 et
1179 4284 1431 4370 proinde
1460 4285 1615 4343 inter
1643 4304 1704 4343 sc
1731 4285 1992 4359 aequales.
2078 4285 2157 4342 Et
2186 4285 2400 4359 anguli,
2432 4285 2582 4343 etc.”

501 4378 655 4437 Edit.
696 4379 866 4436 1662.
