3094 5125
559 483 703 550 254
1193 496 1299 547 nn
1341 494 1681 548 NATURA
1715 493 1986 547 Anius.

559 664 843 762 explica
896 687 1073 761 ergo
1118 666 1357 761 primo
1392 689 1525 761 per
1560 666 2002 762 hypotheses
2045 675 2233 752 tuaS,
2283 663 2346 735 si
2395 675 2630 760 potes,

560 802 786 875 quare
820 776 898 850 id
931 778 1027 851 sit
1057 778 1569 852 necessarium.

658 888 751 965 A.
807 890 1175 966 Quoniam
1200 914 1332 986 per
1356 891 1668 964 suctoris
1695 890 2219 963 retractionem
2253 912 2379 963 aer
2401 913 2628 985 purus

559 1004 914 1101 impulsus
964 1016 1145 1093 erat,
1200 1017 1449 1100 partes
1496 1016 1747 1078 autem
1791 1018 2052 1077 terreae
2097 1002 2427 1099 impulsae
2476 1026 2630 1075 non

560 1127 794 1207 erant,
860 1118 1095 1213 major
1162 1127 1322 1190 erat
1374 1117 1565 1190 ratio
1619 1117 2142 1213 particularum
2200 1130 2627 1202 terrearum,

560 1254 725 1325 quae
782 1239 990 1303 extra
1036 1229 1446 1327 cylindrum
1498 1230 1773 1303 suctori
1815 1230 2183 1326 contiguae
2242 1238 2475 1317 erant,
2534 1229 2631 1300 ad

558 1366 804 1416 aerem
863 1366 1153 1438 purum,
1213 1343 1291 1415 in
1348 1367 1496 1438 quo
1549 1354 1832 1416 motum
1886 1367 2099 1416 suum
2167 1343 2628 1431 exercebant,

557 1467 728 1553 post
785 1456 1273 1530 revulsionem
1333 1480 1553 1552 quam
1612 1467 1806 1529 ante.
1936 1455 2184 1530 Quare
2214 1543 2220 1549 .
2249 1455 2630 1551 particulae

558 1569 705 1643 illae
748 1578 992 1658 motae,
1039 1569 1280 1641 minus
1333 1569 1690 1642 habentes
1746 1568 1886 1641 loci
1936 1568 2033 1641 ad
2084 1580 2365 1642 motum
2417 1593 2631 1641 suum

558 1683 967 1755 naturalem
1019 1681 1531 1769 exercendum,
1568 1682 1729 1755 aliae
1774 1681 1933 1754 aliis
1980 1682 2504 1778 impingebant,
2556 1693 2631 1755 et

559 1794 1084 1892 propellebant.
1212 1795 1528 1869 Necesse
1598 1819 1773 1891 ergo
1841 1805 2000 1867 erat
2078 1806 2164 1867 ut
2229 1795 2628 1892 particulae,

562 1932 727 2004 quae
779 1909 1088 1982 suctoris
1138 1909 1546 2005 superficiei
1593 1909 1960 2005 contiguae
1995 1919 2227 1997 erant,
2266 1919 2630 1981 suctorem

559 2021 1074 2119 propellerent.
1148 2020 1368 2097 Quod
1404 2034 1517 2095 est
1554 2021 1791 2117 ipsum
1824 2021 2383 2117 phaenomenon.
2463 2022 2629 2094 Hoc

562 2146 810 2208 autem
859 2134 1407 2209 connotandum
1443 2146 1577 2223 est,
1624 2134 1821 2230 quod
1863 2159 1909 2208 a
1952 2146 2298 2229 surgente
2342 2145 2628 2208 suctore

558 2271 684 2321 aer
717 2248 843 2346 qui
885 2260 1046 2322 erat
1088 2250 1284 2322 intra
1330 2248 1764 2345 cylindrum,
1813 2247 2070 2323 eadem
2123 2248 2263 2339 via,
2320 2273 2464 2346 qua
2519 2249 2630 2320 in-

560 2361 804 2451 travit,
841 2362 1395 2457 exprimeretur.

660 2472 755 2547 B.
808 2474 999 2546 Fieri
1048 2474 1342 2572 quidem
1399 2473 1504 2548 ita
1556 2498 1771 2572 posse
1819 2474 2036 2548 facile
2088 2473 2344 2558 video;
2395 2498 2631 2572 neque

559 2587 710 2659 illic
745 2588 1137 2684 quicquam
1170 2588 1385 2662 video
1419 2589 1750 2663 mirabile
1789 2600 2059 2686 praeter
2115 2590 2348 2685 ipsam
2403 2591 2634 2686 hypo-

562 2700 849 2773 thesim.
953 2701 1197 2776 Quam
1242 2713 1487 2776 tamen
1535 2703 1776 2776 minus
1823 2702 2192 2800 aliquanto
2227 2702 2631 2776 mirabilem

563 2834 721 2884 esse
757 2812 1016 2899 fateor,
1051 2836 1269 2910 quam
1304 2825 1417 2888 est
1458 2814 1861 2912 suppositio
1902 2825 2158 2888 nostra
2191 2812 2282 2886 de
2328 2815 2515 2888 aeris
2560 2815 2634 2887 vi

561 2923 881 2999 elastica.

661 3034 755 3111 A.
812 3038 916 3111 Ut
948 3061 1251 3134 operum
1284 3049 1569 3114 naturae
1600 3039 2040 3113 mirabilium
2074 3062 2315 3112 causae
2347 3062 2634 3136 quoque

563 3150 711 3224 sint
752 3152 1142 3242 mirabileS,
1190 3177 1236 3226 a
1278 3154 1567 3228 ratione
1627 3153 1942 3226 alienum
1995 3177 2147 3227 non
2193 3164 2345 3238 est;
2397 3176 2634 3249 neque

561 3263 877 3338 hominis
910 3265 1324 3363 philosophi
1373 3290 1527 3340 esse
1569 3290 1854 3355 censeo,
1891 3290 2280 3363 corporum
2314 3290 2635 3363 quorun-

564 3378 755 3468 dam,
816 3390 904 3451 ut
961 3379 1131 3452 solis
1199 3391 1276 3454 et
1334 3381 1732 3470 stellarum,
1801 3379 2168 3453 mirabiles
2227 3403 2635 3476 supponere

560 3490 1126 3587 magnitudineS,
1205 3504 1464 3566 contra
1531 3516 1708 3566 vero
1775 3491 2140 3566 mirabiles
2201 3493 2635 3588 exiguitates

560 3627 711 3677 non
784 3604 1175 3677 admittere
1213 3631 1232 3676 ι
1308 3629 1477 3678 cum
1531 3604 1828 3678 virtutis
1917 3605 2243 3701 ejusdem
2328 3606 2635 3678 infinitae

560 3717 657 3792 sit
708 3728 1017 3816 utraque
1079 3740 1351 3807 creare,
1412 3729 1568 3792 tam
1628 3717 1949 3792 maxima
2006 3742 2227 3815 quam
2288 3718 2633 3803 minima;

560 3841 636 3904 et
700 3829 1202 3904 mirandorum
1286 3834 1680 3906 effectuum
1762 3855 2019 3905 causas
2103 3831 2412 3905 reddere
2479 3831 2634 3904 sine

557 3944 912 4018 mirandis
977 3944 1529 4041 hypothesibus,
1610 3947 1706 4019 sit
1772 3945 2244 4042 impossibile.
2382 3946 2634 4041 Hypo-

556 4058 826 4133 thesim
858 4058 1262 4156 legitimam
1294 4059 1578 4133 faciunt
1620 4060 1784 4134 duae
1825 4083 1944 4134 res
1975 4090 1994 4142 ;
2048 4083 2351 4157 quaram
2398 4060 2638 4154 prima

558 4183 693 4261 est,
719 4183 805 4245 ut
838 4172 936 4245 sit
969 4171 1496 4268 conceptibilis,
1525 4172 1604 4246 id
1639 4184 1771 4262 est,
1798 4196 1949 4246 non
1984 4171 2341 4255 absurda3
2378 4171 2633 4259 altera,

556 4294 643 4356 ut
676 4285 767 4357 ab
803 4309 891 4358 ea
926 4309 1278 4360 concessa
1309 4286 1565 4360 inferri
1597 4286 1830 4383 possit
1877 4286 2340 4382 phaenomeni
2381 4309 2634 4358 neces-

563 4395 765 4469 sitas.
870 4398 1156 4472 Harum
1189 4399 1426 4496 prima
1456 4411 1661 4473 caret
1691 4398 2117 4495 hypothesis
2150 4409 2438 4483 vestra3
2490 4398 2632 4470 nisi
