3094 5125
1105 511 1213 561 na
1250 510 1587 564 NATURA
1629 511 1898 563 Anms.
2438 497 2580 574 275

500 685 753 748 ternus
811 676 1017 771 (quia
1059 679 1477 753 universum
1540 680 1981 776 supponitur
2040 703 2196 752 esse
2247 681 2576 776 plenum)

499 798 860 884 penetrat,
922 788 1313 887 locumque
1374 791 1825 887 egredientis
1881 792 2119 864 aeris*
2176 795 2581 867 successive

499 915 836 998 occupat,
874 901 1111 976 donec
1160 904 1615 1002 corpuscula,
1652 904 2063 999 quantitate
2104 907 2291 979 aeris
2325 907 2582 980 eadem

497 1016 862 1105 restituta,
898 1016 1314 1091 libertatem
1342 1018 1576 1090 motui
1606 1040 1738 1090 suo
1766 1019 2176 1091 naturalem
2197 1020 2580 1115 recipiant.

498 1127 878 1203 Concessis
913 1143 1161 1204 autem
1197 1130 1387 1204 illius
1423 1132 1974 1228 hypothesibuS‚
2011 1156 2234 1206 causa
2281 1135 2582 1230 phaeno-

495 1242 691 1314 meni
720 1244 1110 1318 manifesta
1135 1255 1267 1318 est.
1320 1246 1459 1318 Tui
1487 1258 1735 1319 autem
1763 1246 2027 1341 quibus
2052 1247 2579 1343 hypothesibus

494 1353 689 1427 idem
724 1356 1261 1452 phaenomenon
1297 1359 1708 1454 explicuere
1738 1358 1763 1431 Ρ

593 1469 695 1542 Β.
748 1469 1043 1544 Nescio.
1134 1471 1278 1544 Sed
1315 1495 1447 1544 cur
1480 1495 1631 1545 non
1666 1482 1913 1567 potest
1947 1495 2137 1567 aqua
2173 1497 2360 1569 quae,
2408 1499 2576 1549 cum

495 1581 940 1678 injiceretur,
968 1584 1365 1681 particulas
1393 1585 1582 1658 aeris
1612 1585 2166 1682 comprimebat,
2200 1588 2291 1660 ab
2320 1586 2579 1662 iisdem

492 1696 870 1792 particulis
904 1721 981 1770 se
1016 1697 1551 1793 explicantibus
1585 1721 1836 1771 rursus
1871 1699 2078 1794 rejici
2114 1698 2138 1770 ?

591 1808 684 1883 A.
740 1809 934 1883 Quia
986 1810 1232 1884 locum
1286 1810 1668 1907 explicatae
1728 1813 2082 1907 majorem
2133 1836 2281 1884 non
2329 1814 2575 1909 requi-

491 1935 690 2013 runt,
740 1947 956 2019 quam
1008 1948 1467 2021 compressae.
1577 1922 2218 1998 Quemadmodum
2272 1925 2352 1997 in
2406 1950 2578 2001 vase

490 2060 683 2132 aqua
733 2035 975 2132 pleno,
1036 2038 1113 2111 in
1168 2062 1313 2134 qua
1365 2050 1559 2111 esset
1607 2036 2001 2110 multitudo
2059 2037 2575 2133 anguillarum,

487 2150 846 2246 anguillas
901 2151 1052 2224 sive
1096 2152 1175 2225 in
1228 2176 1305 2225 se
1363 2151 1652 2224 volutas
1705 2151 1855 2224 sive
1910 2149 2311 2247 explicatas
2372 2152 2572 2225 idem

487 2284 773 2361 semper
807 2265 1006 2361 capit
1049 2265 1277 2339 locus.
1405 2264 1820 2360 Propellere
1861 2282 2058 2359 ‘ergo
2115 2287 2382 2360 aquam
2441 2289 2574 2361 per

486 2378 634 2450 vim
670 2377 1066 2467 elasticam,
1104 2403 1268 2475 quae
1302 2379 1445 2452 alia
1478 2402 1629 2451 non
1675 2390 1786 2451 est
1833 2401 2054 2473 quam
2100 2387 2347 2451 motus
2411 2402 2574 2451 cor-

485 2514 749 2587 porum
784 2514 861 2564 se
899 2490 1444 2588 explicantium,
1479 2515 1633 2565 non
1665 2501 1997 2588 possunt.

585 2604 683 2677 B.
738 2604 1213 2702 Comparatio
1288 2606 1413 2680 illa
1480 2606 1672 2679 aeris
1741 2629 1907 2678 cum
1978 2628 2170 2700 aqua
2230 2602 2570 2699 anguillis

487 2716 729 2812 plena,
765 2717 1059 2807 nostris,
1096 2718 1340 2805 credo,
1375 2742 1524 2792 non
1561 2717 1998 2814 displicebit.
2086 2717 2337 2813 Aliqui
2373 2717 2570 2789 enim

487 2853 639 2902 non
707 2828 1029 2902 minimae
1093 2831 1289 2903 inter
1352 2854 1488 2903 nos
1556 2830 2029 2904 authoritatis
2096 2831 2174 2903 in
2242 2854 2331 2903 ea
2398 2841 2570 2902 sunt

486 2942 854 3039 opinione,
890 2954 975 3017 ut
1010 2943 1072 3015 si
1116 2966 1248 3039 per
1279 2966 1593 3017 vacuum
1641 2943 2096 3038 intelligatur
2129 2942 2334 3016 locus
2368 2943 2570 3015 omni

485 3057 895 3133 substantia
940 3080 1298 3154 corporea
1333 3080 1628 3146 vacuuS,
1660 3081 1808 3129 non
1845 3068 2038 3130 esset
2063 3055 2274 3128 valde
2301 3078 2569 3152 repug-

482 3172 831 3247 nandum.
986 3171 1499 3267 Supponentes
1566 3169 1760 3242 enim
1845 3167 2330 3241 constitutum
2411 3190 2567 3240 esse

480 3311 723 3360 aerem
766 3308 856 3358 ex
893 3283 1345 3381 corpusculis
1379 3307 1544 3378 quae
1580 3281 1736 3355 sine
1768 3280 2178 3354 interstitiis
2228 3281 2568 3377 componi

481 3424 631 3474 non
665 3410 998 3497 possunt,
1021 3397 1517 3471 necessarium
1551 3419 1707 3468 esse
1732 3394 1986 3467 vident
2011 3393 2410 3467 interstitia
2444 3393 2570 3467 illa

482 3537 854 3610 corporeae
888 3510 1341 3599 substantiae,
1373 3509 1485 3582 vel
1513 3508 1625 3602 (ut
1651 3507 1972 3605 apertius
2006 3506 2277 3600 dicam)
2311 3530 2571 3604 corpo-

480 3627 604 3717 riS,
642 3625 941 3722 capacia
974 3648 1158 3697 esse.
1262 3623 1411 3696 Sed
1444 3622 1642 3719 quod
1671 3622 1775 3694 sic
1802 3645 2112 3694 vacuum
2143 3620 2564 3717 intelligunt

467 3738 839 3838 plenistoe,
891 3738 1299 3835 praesertim
1336 3735 1621 3832 nuperi,
1657 3734 1735 3808 id
1771 3758 1923 3808 non
1957 3732 2291 3807 credunt.

582 3851 681 3926 Α.
735 3851 885 3925 Cur
919 3875 1065 3925 non
1101 3847 1468 3924 credunt?

584 3962 682 4036 B.
739 3964 934 4038 Quia
984 3962 1319 4058 plenistae
1388 3960 1847 4057 disputantes
1907 3969 2168 4032 contra
2220 3981 2557 4047 vacuum,

480 4088 915 4172 argumenta
966 4089 1264 4148 sumunt
1321 4075 1412 4147 ab
1468 4097 1557 4147 eo
1623 4073 1818 4168 quod
1887 4070 2166 4167 liquida
2225 4070 2557 4142 suctione

481 4192 627 4264 oris
661 4213 793 4286 per
825 4188 1144 4262 fistulam
1179 4187 1552 4261 ascendit:
1608 4199 1683 4259 et
1716 4186 1807 4258 ab
1837 4210 1925 4258 eo
1960 4183 2155 4279 quod
2192 4182 2267 4254 iu
2301 4183 2556 4254 hortu-

1096 4422 1130 4457 *
1163 4423 1259 4483 Sic
1287 4422 1445 4480 Edit.
1483 4424 1625 4480 1661
1662 4432 1721 4481 et
1756 4425 1923 4479 1688.
