<?xml version="1.0" encoding="UTF-8"?>
<!DOCTYPE html PUBLIC "-//W3C//DTD XHTML 1.0 Transitional//EN"
    "http://www.w3.org/TR/xhtml1/DTD/xhtml1-transitional.dtd">
<html xmlns="http://www.w3.org/1999/xhtml" xml:lang="en" lang="en">
 <head>
  <title>
</title>
<meta http-equiv="Content-Type" content="text/html;charset=utf-8" />
  <meta name='ocr-system' content='tesseract 3.04.00' />
  <meta name='ocr-capabilities' content='ocr_page ocr_carea ocr_par ocr_line ocrx_word'/>
</head>
<body>
  <div class='ocr_page' id='page_1' title='image "./thomhobbesmalme02molegoog_0408.png"; bbox 0 0 3094 5125; ppageno 0'>
   <div class='ocr_carea' id='block_1_1' title="bbox 689 434 2495 504">
    <p class='ocr_par' dir='ltr' id='par_1_1' title="bbox 689 434 2495 504">
     <span class='ocr_line' id='line_1_1' title="bbox 689 434 2495 504; baseline 0.001 -4"><span class='ocrx_word' id='word_1_1' title='bbox 689 434 840 501; x_wconf 85' lang='lat'>396</span> <span class='ocrx_word' id='word_1_2' title='bbox 970 448 1079 501; x_wconf 78' lang='lat' dir='ltr'>nn</span> <span class='ocrx_word' id='word_1_3' title='bbox 1117 449 1579 503; x_wconf 67' lang='lat' dir='ltr'>munemne</span> <span class='ocrx_word' id='word_1_4' title='bbox 1620 451 1724 504; x_wconf 74' lang='lat' dir='ltr'>m·</span> <span class='ocrx_word' id='word_1_5' title='bbox 1760 449 2495 503; x_wconf 73' lang='lat' dir='ltr'>RArlocmArloNss</span> 
     </span>
    </p>
   </div>
   <div class='ocr_carea' id='block_1_2' title="bbox 286 615 2807 4333">
    <p class='ocr_par' dir='ltr' id='par_1_2' title="bbox 286 615 2807 4333">
     <span class='ocr_line' id='line_1_2' title="bbox 349 615 2804 714; baseline 0.004 -38"><span class='ocrx_word' id='word_1_6' title='bbox 349 636 483 678; x_wconf 64' lang='lat' dir='ltr'>ou.</span> <span class='ocrx_word' id='word_1_7' title='bbox 515 640 594 682; x_wconf 75' lang='lat' dir='ltr'>xv.</span> <span class='ocrx_word' id='word_1_8' title='bbox 790 616 1125 690; x_wconf 78' lang='lat' dir='ltr'>Quarum</span> <span class='ocrx_word' id='word_1_9' title='bbox 1181 615 1686 691; x_wconf 89' lang='lat' dir='ltr'>definitionum</span> <span class='ocrx_word' id='word_1_10' title='bbox 1742 641 2077 714; x_wconf 88' lang='lat' dir='ltr'>quaenam</span> <span class='ocrx_word' id='word_1_11' title='bbox 2123 618 2220 691; x_wconf 86' lang='lat' dir='ltr'>sit</span> <span class='ocrx_word' id='word_1_12' title='bbox 2252 615 2559 690; x_wconf 84' lang='lat' dir='ltr'>caeteris</span> <span class='ocrx_word' id='word_1_13' title='bbox 2599 637 2804 711; x_wconf 79' lang='lat' dir='ltr'>prae-</span> 
     </span>
     <span class='ocr_line' id='line_1_3' title="bbox 286 727 2806 827; baseline -0.001 -26"><span class='ocrx_word' id='word_1_14' title='bbox 286 766 491 814; x_wconf 58' lang='lat' dir='ltr'>neum</span> <span class='ocrx_word' id='word_1_15' title='bbox 515 776 644 817; x_wconf 55' lang='lat' dir='ltr'>m</span> <span class='ocrx_word' id='word_1_16' title='bbox 686 728 1014 817; x_wconf 87' lang='lat' dir='ltr'>ferenda,</span> <span class='ocrx_word' id='word_1_17' title='bbox 1050 752 1142 802; x_wconf 87' lang='lat' dir='ltr'>ex</span> <span class='ocrx_word' id='word_1_18' title='bbox 1189 728 1469 803; x_wconf 90' lang='lat' dir='ltr'>duabus</span> <span class='ocrx_word' id='word_1_19' title='bbox 1522 731 1740 803; x_wconf 88' lang='lat' dir='ltr'>rebus</span> <span class='ocrx_word' id='word_1_20' title='bbox 1791 728 2275 827; x_wconf 88' lang='lat' dir='ltr'>judicandum</span> <span class='ocrx_word' id='word_1_21' title='bbox 2313 741 2450 817; x_wconf 86' lang='lat' dir='ltr'>est,</span> <span class='ocrx_word' id='word_1_22' title='bbox 2490 727 2693 801; x_wconf 83' lang='lat' dir='ltr'>idea</span> <span class='ocrx_word' id='word_1_23' title='bbox 2728 736 2806 799; x_wconf 89' lang='lat' dir='ltr'>et</span> 
     </span>
     <span class='ocr_line' id='line_1_4' title="bbox 685 840 2807 938; baseline -0.001 -24"><span class='ocrx_word' id='word_1_24' title='bbox 685 864 847 915; x_wconf 86' lang='lat' dir='ltr'>usu.</span> <span class='ocrx_word' id='word_1_25' title='bbox 949 843 1063 914; x_wconf 83' lang='lat' dir='ltr'>Ex</span> <span class='ocrx_word' id='word_1_26' title='bbox 1095 840 1283 931; x_wconf 90' lang='lat' dir='ltr'>idea,</span> <span class='ocrx_word' id='word_1_27' title='bbox 1319 866 1417 916; x_wconf 87' lang='lat' dir='ltr'>an</span> <span class='ocrx_word' id='word_1_28' title='bbox 1449 865 1626 915; x_wconf 87' lang='lat' dir='ltr'>vera</span> <span class='ocrx_word' id='word_1_29' title='bbox 1658 843 1753 917; x_wconf 90' lang='lat' dir='ltr'>sit</span> <span class='ocrx_word' id='word_1_30' title='bbox 1783 870 1800 913; x_wconf 74' lang='grc' dir='ltr'><strong>ε</strong></span> <span class='ocrx_word' id='word_1_31' title='bbox 1855 866 1943 915; x_wconf 84' lang='lat' dir='ltr'>ex</span> <span class='ocrx_word' id='word_1_32' title='bbox 1990 866 2153 933; x_wconf 89' lang='lat' dir='ltr'>usu,</span> <span class='ocrx_word' id='word_1_33' title='bbox 2189 865 2286 916; x_wconf 92' lang='lat' dir='ltr'>an</span> <span class='ocrx_word' id='word_1_34' title='bbox 2319 840 2807 938; x_wconf 81' lang='lat' dir='ltr'>principium</span> 
     </span>
     <span class='ocr_line' id='line_1_5' title="bbox 687 952 2807 1052; baseline -0 -26"><span class='ocrx_word' id='word_1_35' title='bbox 687 953 1241 1028; x_wconf 88' lang='lat' dir='ltr'>demonstrandi</span> <span class='ocrx_word' id='word_1_36' title='bbox 1291 955 1638 1029; x_wconf 91' lang='lat' dir='ltr'>idoneum</span> <span class='ocrx_word' id='word_1_37' title='bbox 1686 956 1806 1029; x_wconf 84' lang='lat' dir='ltr'>sit.</span> <span class='ocrx_word' id='word_1_38' title='bbox 1911 956 2108 1045; x_wconf 88' lang='lat' dir='ltr'>Idea,</span> <span class='ocrx_word' id='word_1_39' title='bbox 2137 957 2352 1052; x_wconf 84' lang='lat' dir='ltr'>juxta</span> <span class='ocrx_word' id='word_1_40' title='bbox 2384 978 2632 1050; x_wconf 85' lang='lat' dir='ltr'>quam</span> <span class='ocrx_word' id='word_1_41' title='bbox 2674 952 2807 1026; x_wconf 92' lang='lat' dir='ltr'>de-</span> 
     </span>
     <span class='ocr_line' id='line_1_6' title="bbox 684 1067 2806 1165; baseline 0 -26"><span class='ocrx_word' id='word_1_42' title='bbox 684 1067 896 1141; x_wconf 84' lang='lat' dir='ltr'>finita</span> <span class='ocrx_word' id='word_1_43' title='bbox 928 1080 1038 1141; x_wconf 89' lang='lat' dir='ltr'>est</span> <span class='ocrx_word' id='word_1_44' title='bbox 1071 1092 1117 1141; x_wconf 89' lang='lat' dir='ltr'>a</span> <span class='ocrx_word' id='word_1_45' title='bbox 1144 1067 1446 1142; x_wconf 90' lang='lat' dir='ltr'>Platone</span> <span class='ocrx_word' id='word_1_46' title='bbox 1472 1068 1666 1143; x_wconf 90' lang='lat' dir='ltr'>linea</span> <span class='ocrx_word' id='word_1_47' title='bbox 1698 1079 1923 1159; x_wconf 87' lang='lat' dir='ltr'>recta,</span> <span class='ocrx_word' id='word_1_48' title='bbox 1946 1070 2189 1165; x_wconf 82' lang='lat' dir='ltr'>imago</span> <span class='ocrx_word' id='word_1_49' title='bbox 2216 1081 2377 1142; x_wconf 87' lang='lat' dir='ltr'>erat</span> <span class='ocrx_word' id='word_1_50' title='bbox 2409 1069 2806 1164; x_wconf 83' lang='lat' dir='ltr'>projectae</span> 
     </span>
     <span class='ocr_line' id='line_1_7' title="bbox 683 1181 2801 1280; baseline 0 -27"><span class='ocrx_word' id='word_1_51' title='bbox 683 1181 778 1253; x_wconf 88' lang='lat' dir='ltr'>ab</span> <span class='ocrx_word' id='word_1_52' title='bbox 814 1202 901 1253; x_wconf 85' lang='lat' dir='ltr'>ea</span> <span class='ocrx_word' id='word_1_53' title='bbox 931 1181 1212 1256; x_wconf 85' lang='lat' dir='ltr'>umbrae</span> <span class='ocrx_word' id='word_1_54' title='bbox 1243 1209 1260 1253; x_wconf 73' lang='grc' dir='ltr'><strong>ε</strong></span> <span class='ocrx_word' id='word_1_55' title='bbox 1313 1205 1533 1279; x_wconf 90' lang='lat' dir='ltr'>quam</span> <span class='ocrx_word' id='word_1_56' title='bbox 1566 1182 1859 1280; x_wconf 91' lang='lat' dir='ltr'>quidem</span> <span class='ocrx_word' id='word_1_57' title='bbox 1906 1183 2164 1279; x_wconf 85' lang='lat' dir='ltr'>projici</span> <span class='ocrx_word' id='word_1_58' title='bbox 2198 1182 2383 1256; x_wconf 87' lang='lat' dir='ltr'>vidit</span> <span class='ocrx_word' id='word_1_59' title='bbox 2432 1205 2581 1279; x_wconf 87' lang='lat' dir='ltr'>per</span> <span class='ocrx_word' id='word_1_60' title='bbox 2622 1205 2801 1253; x_wconf 87' lang='lat' dir='ltr'>rec-</span> 
     </span>
     <span class='ocr_line' id='line_1_8' title="bbox 683 1292 2803 1392; baseline -0 -26"><span class='ocrx_word' id='word_1_61' title='bbox 683 1303 860 1366; x_wconf 87' lang='lat' dir='ltr'>tam.</span> <span class='ocrx_word' id='word_1_62' title='bbox 965 1295 1218 1391; x_wconf 89' lang='lat' dir='ltr'>Itaque</span> <span class='ocrx_word' id='word_1_63' title='bbox 1251 1295 1428 1391; x_wconf 89' lang='lat' dir='ltr'>quid</span> <span class='ocrx_word' id='word_1_64' title='bbox 1474 1295 1573 1369; x_wconf 86' lang='lat' dir='ltr'>sit</span> <span class='ocrx_word' id='word_1_65' title='bbox 1614 1309 1820 1370; x_wconf 85' lang='lat' dir='ltr'>recta</span> <span class='ocrx_word' id='word_1_66' title='bbox 1859 1298 2036 1371; x_wconf 86' lang='lat' dir='ltr'>satis</span> <span class='ocrx_word' id='word_1_67' title='bbox 2091 1307 2533 1392; x_wconf 84' lang='lat' dir='ltr'>conceperat</span> <span class='ocrx_word' id='word_1_68' title='bbox 2562 1323 2585 1367; x_wconf 89' lang='lat'>:</span> <span class='ocrx_word' id='word_1_69' title='bbox 2652 1292 2803 1366; x_wconf 91' lang='lat' dir='ltr'>sed</span> 
     </span>
     <span class='ocr_line' id='line_1_9' title="bbox 683 1404 2801 1504; baseline -0.001 -25"><span class='ocrx_word' id='word_1_70' title='bbox 683 1406 1011 1481; x_wconf 87' lang='lat' dir='ltr'>definitio</span> <span class='ocrx_word' id='word_1_71' title='bbox 1071 1408 1195 1482; x_wconf 89' lang='lat' dir='ltr'>illa</span> <span class='ocrx_word' id='word_1_72' title='bbox 1252 1408 1466 1504; x_wconf 90' lang='lat' dir='ltr'>plane</span> <span class='ocrx_word' id='word_1_73' title='bbox 1511 1410 1775 1482; x_wconf 86' lang='lat' dir='ltr'>sterilis</span> <span class='ocrx_word' id='word_1_74' title='bbox 1811 1425 1945 1497; x_wconf 91' lang='lat' dir='ltr'>est,</span> <span class='ocrx_word' id='word_1_75' title='bbox 1992 1432 2127 1482; x_wconf 91' lang='lat' dir='ltr'>nec</span> <span class='ocrx_word' id='word_1_76' title='bbox 2178 1408 2393 1481; x_wconf 88' lang='lat' dir='ltr'>ullius</span> <span class='ocrx_word' id='word_1_77' title='bbox 2435 1431 2627 1481; x_wconf 87' lang='lat' dir='ltr'>usus</span> <span class='ocrx_word' id='word_1_78' title='bbox 2690 1404 2801 1479; x_wconf 90' lang='lat' dir='ltr'>ad</span> 
     </span>
     <span class='ocr_line' id='line_1_10' title="bbox 683 1518 2799 1619; baseline 0 -27"><span class='ocrx_word' id='word_1_79' title='bbox 683 1518 1333 1594; x_wconf 85' lang='lat' dir='ltr'>demonstrandum</span> <span class='ocrx_word' id='word_1_80' title='bbox 1365 1535 1616 1594; x_wconf 90' lang='lat' dir='ltr'>utrum</span> <span class='ocrx_word' id='word_1_81' title='bbox 1649 1522 1844 1595; x_wconf 90' lang='lat' dir='ltr'>linea</span> <span class='ocrx_word' id='word_1_82' title='bbox 1877 1521 1968 1594; x_wconf 91' lang='lat' dir='ltr'>de</span> <span class='ocrx_word' id='word_1_83' title='bbox 1993 1545 2138 1618; x_wconf 90' lang='lat' dir='ltr'>qua</span> <span class='ocrx_word' id='word_1_84' title='bbox 2166 1521 2520 1619; x_wconf 86' lang='lat' dir='ltr'>quaeritur</span> <span class='ocrx_word' id='word_1_85' title='bbox 2553 1532 2799 1593; x_wconf 83' lang='lat' dir='ltr'>recta</span> 
     </span>
     <span class='ocr_line' id='line_1_11' title="bbox 681 1632 2792 1731; baseline 0 -25"><span class='ocrx_word' id='word_1_86' title='bbox 681 1632 782 1706; x_wconf 87' lang='lat' dir='ltr'>sit</span> <span class='ocrx_word' id='word_1_87' title='bbox 802 1656 1058 1720; x_wconf 88' lang='lat' dir='ltr'>necne,</span> <span class='ocrx_word' id='word_1_88' title='bbox 1083 1657 1318 1731; x_wconf 93' lang='lat' dir='ltr'>neque</span> <span class='ocrx_word' id='word_1_89' title='bbox 1345 1634 1440 1708; x_wconf 91' lang='lat' dir='ltr'>ad</span> <span class='ocrx_word' id='word_1_90' title='bbox 1467 1634 2112 1708; x_wconf 86' lang='lat' dir='ltr'>demonstrandum</span> <span class='ocrx_word' id='word_1_91' title='bbox 2147 1634 2505 1708; x_wconf 85' lang='lat' dir='ltr'>rationem</span> <span class='ocrx_word' id='word_1_92' title='bbox 2532 1644 2792 1707; x_wconf 85' lang='lat' dir='ltr'>rectae</span> 
     </span>
     <span class='ocr_line' id='line_1_12' title="bbox 680 1744 2792 1844; baseline 0.001 -27"><span class='ocrx_word' id='word_1_93' title='bbox 680 1744 778 1818; x_wconf 90' lang='lat' dir='ltr'>ad</span> <span class='ocrx_word' id='word_1_94' title='bbox 829 1770 1149 1820; x_wconf 87' lang='lat' dir='ltr'>curvam.</span> <span class='ocrx_word' id='word_1_95' title='bbox 1252 1747 1514 1834; x_wconf 90' lang='lat' dir='ltr'>Procli,</span> <span class='ocrx_word' id='word_1_96' title='bbox 1552 1748 2035 1839; x_wconf 89' lang='lat' dir='ltr'>Archimedis,</span> <span class='ocrx_word' id='word_1_97' title='bbox 2072 1761 2149 1822; x_wconf 90' lang='lat' dir='ltr'>et</span> <span class='ocrx_word' id='word_1_98' title='bbox 2182 1748 2538 1844; x_wconf 88' lang='lat' dir='ltr'>Campani</span> <span class='ocrx_word' id='word_1_99' title='bbox 2584 1747 2792 1820; x_wconf 80' lang='lat' dir='ltr'>defi-</span> 
     </span>
     <span class='ocr_line' id='line_1_13' title="bbox 679 1858 2782 1957; baseline -0 -24"><span class='ocrx_word' id='word_1_100' title='bbox 679 1858 998 1933; x_wconf 88' lang='lat' dir='ltr'>nitiones</span> <span class='ocrx_word' id='word_1_101' title='bbox 1031 1861 1273 1934; x_wconf 87' lang='lat' dir='ltr'>verbis</span> <span class='ocrx_word' id='word_1_102' title='bbox 1321 1861 1616 1957; x_wconf 90' lang='lat' dir='ltr'>quidem</span> <span class='ocrx_word' id='word_1_103' title='bbox 1675 1861 2044 1949; x_wconf 87' lang='lat' dir='ltr'>differunt,</span> <span class='ocrx_word' id='word_1_104' title='bbox 2080 1861 2277 1934; x_wconf 91' lang='lat' dir='ltr'>idem</span> <span class='ocrx_word' id='word_1_105' title='bbox 2329 1873 2580 1934; x_wconf 85' lang='lat' dir='ltr'>autem</span> <span class='ocrx_word' id='word_1_106' title='bbox 2618 1861 2782 1957; x_wconf 87' lang='lat' dir='ltr'>sig-</span> 
     </span>
     <span class='ocr_line' id='line_1_14' title="bbox 679 1972 2779 2070; baseline 0.001 -26"><span class='ocrx_word' id='word_1_107' title='bbox 679 1972 1006 2060; x_wconf 89' lang='lat' dir='ltr'>nificant,</span> <span class='ocrx_word' id='word_1_108' title='bbox 1074 1997 1361 2069; x_wconf 90' lang='lat' dir='ltr'>nempe,</span> <span class='ocrx_word' id='word_1_109' title='bbox 1429 1987 1708 2047; x_wconf 86' lang='lat' dir='ltr'>rectam</span> <span class='ocrx_word' id='word_1_110' title='bbox 1775 1998 1932 2047; x_wconf 89' lang='lat' dir='ltr'>esse</span> <span class='ocrx_word' id='word_1_111' title='bbox 1991 1998 2155 2070; x_wconf 86' lang='lat' dir='ltr'>quae</span> <span class='ocrx_word' id='word_1_112' title='bbox 2214 1974 2407 2046; x_wconf 91' lang='lat' dir='ltr'>inter</span> <span class='ocrx_word' id='word_1_113' title='bbox 2457 1975 2779 2047; x_wconf 87' lang='lat' dir='ltr'>eosdem</span> 
     </span>
     <span class='ocr_line' id='line_1_15' title="bbox 678 2086 2777 2185; baseline 0.001 -29"><span class='ocrx_word' id='word_1_114' title='bbox 678 2086 1033 2159; x_wconf 87' lang='lat' dir='ltr'>terminos</span> <span class='ocrx_word' id='word_1_115' title='bbox 1066 2098 1176 2162; x_wconf 91' lang='lat' dir='ltr'>est</span> <span class='ocrx_word' id='word_1_116' title='bbox 1208 2087 1676 2161; x_wconf 85' lang='lat' dir='ltr'>brevissima:</span> <span class='ocrx_word' id='word_1_117' title='bbox 1715 2112 1878 2185; x_wconf 84' lang='lat' dir='ltr'>quae</span> <span class='ocrx_word' id='word_1_118' title='bbox 1912 2099 2074 2161; x_wconf 87' lang='lat' dir='ltr'>orta</span> <span class='ocrx_word' id='word_1_119' title='bbox 2107 2100 2220 2161; x_wconf 88' lang='lat' dir='ltr'>est</span> <span class='ocrx_word' id='word_1_120' title='bbox 2253 2088 2344 2161; x_wconf 85' lang='lat' dir='ltr'>ab</span> <span class='ocrx_word' id='word_1_121' title='bbox 2373 2087 2539 2160; x_wconf 88' lang='lat' dir='ltr'>idea</span> <span class='ocrx_word' id='word_1_122' title='bbox 2563 2088 2777 2161; x_wconf 87' lang='lat' dir='ltr'>visa-</span> 
     </span>
     <span class='ocr_line' id='line_1_16' title="bbox 679 2199 2770 2296; baseline 0 -25"><span class='ocrx_word' id='word_1_123' title='bbox 679 2222 845 2271; x_wconf 90' lang='lat' dir='ltr'>rum</span> <span class='ocrx_word' id='word_1_124' title='bbox 909 2199 1229 2296; x_wconf 91' lang='lat' dir='ltr'>plurium</span> <span class='ocrx_word' id='word_1_125' title='bbox 1305 2200 1662 2273; x_wconf 91' lang='lat' dir='ltr'>linearum</span> <span class='ocrx_word' id='word_1_126' title='bbox 1730 2200 2373 2289; x_wconf 89' lang='lat' dir='ltr'>conterminarum,</span> <span class='ocrx_word' id='word_1_127' title='bbox 2444 2224 2770 2296; x_wconf 86' lang='lat' dir='ltr'>quarum</span> 
     </span>
     <span class='ocr_line' id='line_1_17' title="bbox 678 2311 2766 2409; baseline 0 -24"><span class='ocrx_word' id='word_1_128' title='bbox 678 2311 900 2385; x_wconf 88' lang='lat' dir='ltr'>unica</span> <span class='ocrx_word' id='word_1_129' title='bbox 930 2312 1084 2385; x_wconf 87' lang='lat' dir='ltr'>visa</span> <span class='ocrx_word' id='word_1_130' title='bbox 1117 2325 1228 2386; x_wconf 89' lang='lat' dir='ltr'>est</span> <span class='ocrx_word' id='word_1_131' title='bbox 1259 2324 1461 2386; x_wconf 90' lang='lat' dir='ltr'>recta</span> <span class='ocrx_word' id='word_1_132' title='bbox 1497 2325 1571 2386; x_wconf 89' lang='lat' dir='ltr'>et</span> <span class='ocrx_word' id='word_1_133' title='bbox 1605 2314 2052 2387; x_wconf 87' lang='lat' dir='ltr'>brevissima.</span> <span class='ocrx_word' id='word_1_134' title='bbox 2156 2314 2405 2409; x_wconf 88' lang='lat' dir='ltr'>Atque</span> <span class='ocrx_word' id='word_1_135' title='bbox 2454 2313 2596 2386; x_wconf 90' lang='lat' dir='ltr'>hac</span> <span class='ocrx_word' id='word_1_136' title='bbox 2632 2313 2766 2386; x_wconf 93' lang='lat' dir='ltr'>de-</span> 
     </span>
     <span class='ocr_line' id='line_1_18' title="bbox 677 2424 2765 2524; baseline 0.001 -27"><span class='ocrx_word' id='word_1_137' title='bbox 677 2424 1010 2498; x_wconf 89' lang='lat' dir='ltr'>finitione</span> <span class='ocrx_word' id='word_1_138' title='bbox 1043 2426 1277 2499; x_wconf 89' lang='lat' dir='ltr'>utitur</span> <span class='ocrx_word' id='word_1_139' title='bbox 1310 2427 1808 2500; x_wconf 77' lang='lat' dir='ltr'>Archimedes,</span> <span class='ocrx_word' id='word_1_140' title='bbox 1915 2428 2099 2504; x_wconf 78' lang='lat' dir='ltr'>Quis</span> <span class='ocrx_word' id='word_1_141' title='bbox 2150 2429 2369 2517; x_wconf 91' lang='lat' dir='ltr'>enim,</span> <span class='ocrx_word' id='word_1_142' title='bbox 2407 2428 2532 2524; x_wconf 93' lang='lat' dir='ltr'>qui</span> <span class='ocrx_word' id='word_1_143' title='bbox 2576 2452 2765 2501; x_wconf 87' lang='lat' dir='ltr'>con-</span> 
     </span>
     <span class='ocr_line' id='line_1_19' title="bbox 678 2537 2764 2635; baseline 0.002 -26"><span class='ocrx_word' id='word_1_144' title='bbox 678 2538 956 2632; x_wconf 84' lang='lat' dir='ltr'>ceperit</span> <span class='ocrx_word' id='word_1_145' title='bbox 1022 2538 1096 2610; x_wconf 91' lang='lat' dir='ltr'>in</span> <span class='ocrx_word' id='word_1_146' title='bbox 1167 2537 1453 2634; x_wconf 87' lang='lat' dir='ltr'>spbaera</span> <span class='ocrx_word' id='word_1_147' title='bbox 1518 2538 1761 2635; x_wconf 90' lang='lat' dir='ltr'>plures</span> <span class='ocrx_word' id='word_1_148' title='bbox 1816 2541 2126 2615; x_wconf 91' lang='lat' dir='ltr'>circulos</span> <span class='ocrx_word' id='word_1_149' title='bbox 2180 2542 2623 2616; x_wconf 87' lang='lat' dir='ltr'>meridianos</span> <span class='ocrx_word' id='word_1_150' title='bbox 2675 2552 2764 2614; x_wconf 87' lang='lat' dir='ltr'>et</span> 
     </span>
     <span class='ocr_line' id='line_1_20' title="bbox 678 2651 2762 2749; baseline 0.002 -26"><span class='ocrx_word' id='word_1_151' title='bbox 678 2673 895 2723; x_wconf 84' lang='lat' dir='ltr'>axem</span> <span class='ocrx_word' id='word_1_152' title='bbox 928 2651 1249 2740; x_wconf 91' lang='lat' dir='ltr'>unicum,</span> <span class='ocrx_word' id='word_1_153' title='bbox 1277 2675 1427 2724; x_wconf 93' lang='lat' dir='ltr'>non</span> <span class='ocrx_word' id='word_1_154' title='bbox 1454 2652 1815 2749; x_wconf 89' lang='lat' dir='ltr'>judicabit</span> <span class='ocrx_word' id='word_1_155' title='bbox 1848 2679 2061 2727; x_wconf 84' lang='lat' dir='ltr'>axem</span> <span class='ocrx_word' id='word_1_156' title='bbox 2096 2665 2252 2727; x_wconf 87' lang='lat' dir='ltr'>tum</span> <span class='ocrx_word' id='word_1_157' title='bbox 2280 2667 2558 2744; x_wconf 87' lang='lat' dir='ltr'>rectam</span> <span class='ocrx_word' id='word_1_158' title='bbox 2592 2678 2762 2727; x_wconf 88' lang='lat' dir='ltr'>esse</span> 
     </span>
     <span class='ocr_line' id='line_1_21' title="bbox 676 2763 2758 2863; baseline 0.003 -28"><span class='ocrx_word' id='word_1_159' title='bbox 676 2763 967 2852; x_wconf 88' lang='lat' dir='ltr'>lineam,</span> <span class='ocrx_word' id='word_1_160' title='bbox 1041 2775 1198 2836; x_wconf 91' lang='lat' dir='ltr'>tum</span> <span class='ocrx_word' id='word_1_161' title='bbox 1265 2765 1767 2838; x_wconf 84' lang='lat' dir='ltr'>brevissimam</span> <span class='ocrx_word' id='word_1_162' title='bbox 1835 2767 2139 2841; x_wconf 88' lang='lat' dir='ltr'>aliarum</span> <span class='ocrx_word' id='word_1_163' title='bbox 2201 2767 2525 2841; x_wconf 92' lang='lat' dir='ltr'>omnium</span> <span class='ocrx_word' id='word_1_164' title='bbox 2583 2791 2758 2863; x_wconf 85' lang='lat' dir='ltr'>quae</span> 
     </span>
     <span class='ocr_line' id='line_1_22' title="bbox 678 2878 2754 2974; baseline 0.002 -25"><span class='ocrx_word' id='word_1_165' title='bbox 678 2888 1062 2950; x_wconf 88' lang='lat' dir='ltr'>transeunt</span> <span class='ocrx_word' id='word_1_166' title='bbox 1097 2902 1142 2950; x_wconf 88' lang='lat' dir='ltr'>a</span> <span class='ocrx_word' id='word_1_167' title='bbox 1173 2879 1342 2973; x_wconf 93' lang='lat' dir='ltr'>polo</span> <span class='ocrx_word' id='word_1_168' title='bbox 1377 2878 1471 2951; x_wconf 91' lang='lat' dir='ltr'>ad</span> <span class='ocrx_word' id='word_1_169' title='bbox 1506 2879 1803 2974; x_wconf 83' lang='lat' dir='ltr'>polum?</span> <span class='ocrx_word' id='word_1_170' title='bbox 1908 2880 2086 2953; x_wconf 89' lang='lat' dir='ltr'>Idea</span> <span class='ocrx_word' id='word_1_171' title='bbox 2116 2880 2314 2953; x_wconf 91' lang='lat' dir='ltr'>unde</span> <span class='ocrx_word' id='word_1_172' title='bbox 2349 2892 2523 2953; x_wconf 89' lang='lat' dir='ltr'>nata</span> <span class='ocrx_word' id='word_1_173' title='bbox 2546 2881 2754 2953; x_wconf 87' lang='lat' dir='ltr'>vide-</span> 
     </span>
     <span class='ocr_line' id='line_1_23' title="bbox 678 2991 2752 3089; baseline 0.001 -25"><span class='ocrx_word' id='word_1_174' title='bbox 678 3000 800 3064; x_wconf 89' lang='lat' dir='ltr'>tur</span> <span class='ocrx_word' id='word_1_175' title='bbox 834 3014 989 3064; x_wconf 89' lang='lat' dir='ltr'>esse</span> <span class='ocrx_word' id='word_1_176' title='bbox 1037 2991 1362 3065; x_wconf 91' lang='lat' dir='ltr'>definitio</span> <span class='ocrx_word' id='word_1_177' title='bbox 1414 2991 1697 3080; x_wconf 87' lang='lat' dir='ltr'>ultima,</span> <span class='ocrx_word' id='word_1_178' title='bbox 1735 3003 1894 3065; x_wconf 87' lang='lat' dir='ltr'>erat</span> <span class='ocrx_word' id='word_1_179' title='bbox 1946 2992 2141 3089; x_wconf 90' lang='lat' dir='ltr'>quod</span> <span class='ocrx_word' id='word_1_180' title='bbox 2176 2992 2459 3067; x_wconf 89' lang='lat' dir='ltr'>videret</span> <span class='ocrx_word' id='word_1_181' title='bbox 2493 3005 2752 3067; x_wconf 82' lang='lat' dir='ltr'>exten-</span> 
     </span>
     <span class='ocr_line' id='line_1_24' title="bbox 677 3105 2748 3202; baseline -0 -25"><span class='ocrx_word' id='word_1_182' title='bbox 677 3105 954 3178; x_wconf 90' lang='lat' dir='ltr'>sionem</span> <span class='ocrx_word' id='word_1_183' title='bbox 988 3107 1171 3179; x_wconf 92' lang='lat' dir='ltr'>nihil</span> <span class='ocrx_word' id='word_1_184' title='bbox 1205 3105 1404 3179; x_wconf 89' lang='lat' dir='ltr'>aliud</span> <span class='ocrx_word' id='word_1_185' title='bbox 1449 3129 1609 3179; x_wconf 92' lang='lat' dir='ltr'>esse</span> <span class='ocrx_word' id='word_1_186' title='bbox 1660 3122 1929 3202; x_wconf 88' lang='lat' dir='ltr'>praeter</span> <span class='ocrx_word' id='word_1_187' title='bbox 1975 3105 2472 3179; x_wconf 89' lang='lat' dir='ltr'>diductionem</span> <span class='ocrx_word' id='word_1_188' title='bbox 2506 3118 2748 3179; x_wconf 65' lang='lat' dir='ltr'>extre-</span> 
     </span>
     <span class='ocr_line' id='line_1_25' title="bbox 674 3219 2748 3316; baseline -0 -22"><span class='ocrx_word' id='word_1_189' title='bbox 674 3241 959 3294; x_wconf 92' lang='lat' dir='ltr'>morum</span> <span class='ocrx_word' id='word_1_190' title='bbox 983 3230 1464 3315; x_wconf 87' lang='lat' dir='ltr'>punctorum:</span> <span class='ocrx_word' id='word_1_191' title='bbox 1503 3232 1927 3316; x_wconf 86' lang='lat' dir='ltr'>contraque,</span> <span class='ocrx_word' id='word_1_192' title='bbox 1953 3219 2529 3292; x_wconf 83' lang='lat' dir='ltr'>incurvationem</span> <span class='ocrx_word' id='word_1_193' title='bbox 2562 3220 2748 3293; x_wconf 88' lang='lat' dir='ltr'>nihil</span> 
     </span>
     <span class='ocr_line' id='line_1_26' title="bbox 673 3330 2744 3429; baseline 0.001 -27"><span class='ocrx_word' id='word_1_194' title='bbox 673 3330 873 3404; x_wconf 89' lang='lat' dir='ltr'>aliud</span> <span class='ocrx_word' id='word_1_195' title='bbox 907 3356 1067 3406; x_wconf 88' lang='lat' dir='ltr'>esse</span> <span class='ocrx_word' id='word_1_196' title='bbox 1111 3358 1330 3429; x_wconf 89' lang='lat' dir='ltr'>quam</span> <span class='ocrx_word' id='word_1_197' title='bbox 1376 3333 1893 3406; x_wconf 89' lang='lat' dir='ltr'>adductionem</span> <span class='ocrx_word' id='word_1_198' title='bbox 1946 3332 2420 3406; x_wconf 92' lang='lat' dir='ltr'>terminorem</span> <span class='ocrx_word' id='word_1_199' title='bbox 2480 3357 2744 3406; x_wconf 88' lang='lat' dir='ltr'>eorun-</span> 
     </span>
     <span class='ocr_line' id='line_1_27' title="bbox 673 3442 2745 3544; baseline 0.001 -29"><span class='ocrx_word' id='word_1_200' title='bbox 673 3442 864 3516; x_wconf 89' lang='lat' dir='ltr'>dem.</span> <span class='ocrx_word' id='word_1_201' title='bbox 969 3444 1190 3518; x_wconf 76' lang='lat' dir='ltr'>Quod</span> <span class='ocrx_word' id='word_1_202' title='bbox 1259 3455 1535 3518; x_wconf 88' lang='lat' dir='ltr'>rectam</span> <span class='ocrx_word' id='word_1_203' title='bbox 1592 3446 1970 3532; x_wconf 89' lang='lat' dir='ltr'>definiunt,</span> <span class='ocrx_word' id='word_1_204' title='bbox 2038 3444 2432 3542; x_wconf 74' lang='lat' dir='ltr'>vestigium</span> <span class='ocrx_word' id='word_1_205' title='bbox 2469 3445 2745 3544; x_wconf 81' lang='lat' dir='ltr'>puncti</span> 
     </span>
     <span class='ocr_line' id='line_1_28' title="bbox 672 3557 2741 3648; baseline 0 -19"><span class='ocrx_word' id='word_1_206' title='bbox 672 3558 869 3648; x_wconf 83' lang='lat' dir='ltr'>moti,</span> <span class='ocrx_word' id='word_1_207' title='bbox 903 3582 1038 3630; x_wconf 82' lang='lat' dir='ltr'>nec</span> <span class='ocrx_word' id='word_1_208' title='bbox 1071 3557 1523 3648; x_wconf 65' lang='lat' dir='ltr'>vacillantis,</span> <span class='ocrx_word' id='word_1_209' title='bbox 1562 3583 1607 3632; x_wconf 90' lang='lat' dir='ltr'>a</span> <span class='ocrx_word' id='word_1_210' title='bbox 1655 3558 1857 3631; x_wconf 91' lang='lat' dir='ltr'>nulla</span> <span class='ocrx_word' id='word_1_211' title='bbox 1911 3558 2078 3631; x_wconf 89' lang='lat' dir='ltr'>idea</span> <span class='ocrx_word' id='word_1_212' title='bbox 2129 3570 2374 3631; x_wconf 92' lang='lat' dir='ltr'>ortum</span> <span class='ocrx_word' id='word_1_213' title='bbox 2435 3569 2570 3647; x_wconf 85' lang='lat' dir='ltr'>est,</span> <span class='ocrx_word' id='word_1_214' title='bbox 2605 3581 2741 3630; x_wconf 94' lang='lat' dir='ltr'>nec</span> 
     </span>
     <span class='ocr_line' id='line_1_29' title="bbox 672 3670 2741 3768; baseline -0.001 -23"><span class='ocrx_word' id='word_1_215' title='bbox 672 3673 847 3746; x_wconf 90' lang='lat' dir='ltr'>oriri</span> <span class='ocrx_word' id='word_1_216' title='bbox 897 3672 1177 3768; x_wconf 87' lang='lat' dir='ltr'>potuit:</span> <span class='ocrx_word' id='word_1_217' title='bbox 1231 3672 1401 3767; x_wconf 88' lang='lat' dir='ltr'>quia</span> <span class='ocrx_word' id='word_1_218' title='bbox 1440 3673 1782 3746; x_wconf 90' lang='lat' dir='ltr'>vacillare</span> <span class='ocrx_word' id='word_1_219' title='bbox 1839 3671 2021 3745; x_wconf 90' lang='lat' dir='ltr'>nihil</span> <span class='ocrx_word' id='word_1_220' title='bbox 2080 3671 2225 3744; x_wconf 89' lang='lat' dir='ltr'>dici</span> <span class='ocrx_word' id='word_1_221' title='bbox 2283 3682 2548 3768; x_wconf 89' lang='lat' dir='ltr'>potest,</span> <span class='ocrx_word' id='word_1_222' title='bbox 2600 3670 2741 3744; x_wconf 88' lang='lat' dir='ltr'>nisi</span> 
     </span>
     <span class='ocr_line' id='line_1_30' title="bbox 669 3785 2734 3884; baseline -0.001 -25"><span class='ocrx_word' id='word_1_223' title='bbox 669 3786 1073 3882; x_wconf 84' lang='lat' dir='ltr'>respective</span> <span class='ocrx_word' id='word_1_224' title='bbox 1141 3785 1236 3858; x_wconf 88' lang='lat' dir='ltr'>ad</span> <span class='ocrx_word' id='word_1_225' title='bbox 1293 3787 1681 3884; x_wconf 86' lang='lat' dir='ltr'>vestigium</span> <span class='ocrx_word' id='word_1_226' title='bbox 1748 3786 1962 3860; x_wconf 84' lang='lat' dir='ltr'>lineae</span> <span class='ocrx_word' id='word_1_227' title='bbox 2020 3787 2174 3882; x_wconf 88' lang='lat' dir='ltr'>jam</span> <span class='ocrx_word' id='word_1_228' title='bbox 2243 3798 2416 3859; x_wconf 88' lang='lat' dir='ltr'>ante</span> <span class='ocrx_word' id='word_1_229' title='bbox 2472 3785 2734 3858; x_wconf 85' lang='lat' dir='ltr'>ductae.</span> 
     </span>
     <span class='ocr_line' id='line_1_31' title="bbox 672 3898 2740 3995; baseline 0 -24"><span class='ocrx_word' id='word_1_230' title='bbox 672 3899 932 3995; x_wconf 91' lang='lat' dir='ltr'>Neque</span> <span class='ocrx_word' id='word_1_231' title='bbox 966 3899 1253 3972; x_wconf 90' lang='lat' dir='ltr'>videtur</span> <span class='ocrx_word' id='word_1_232' title='bbox 1302 3899 1535 3994; x_wconf 86' lang='lat' dir='ltr'>magis</span> <span class='ocrx_word' id='word_1_233' title='bbox 1584 3898 1926 3972; x_wconf 87' lang='lat' dir='ltr'>vacillare</span> <span class='ocrx_word' id='word_1_234' title='bbox 1976 3910 2354 3995; x_wconf 91' lang='lat' dir='ltr'>punctum,</span> <span class='ocrx_word' id='word_1_235' title='bbox 2393 3898 2567 3971; x_wconf 91' lang='lat' dir='ltr'>dum</span> <span class='ocrx_word' id='word_1_236' title='bbox 2614 3898 2740 3971; x_wconf 93' lang='lat' dir='ltr'>de-</span> 
     </span>
     <span class='ocr_line' id='line_1_32' title="bbox 670 4009 2742 4106; baseline -0 -23"><span class='ocrx_word' id='word_1_237' title='bbox 670 4012 926 4084; x_wconf 86' lang='lat' dir='ltr'>scribit</span> <span class='ocrx_word' id='word_1_238' title='bbox 959 4011 1620 4084; x_wconf 85' lang='lat' dir='ltr'>circumferentiam</span> <span class='ocrx_word' id='word_1_239' title='bbox 1647 4011 1924 4099; x_wconf 88' lang='lat' dir='ltr'>circuli‚</span> <span class='ocrx_word' id='word_1_240' title='bbox 1945 4035 2166 4106; x_wconf 88' lang='lat' dir='ltr'>quam</span> <span class='ocrx_word' id='word_1_241' title='bbox 2191 4010 2365 4083; x_wconf 89' lang='lat' dir='ltr'>dum</span> <span class='ocrx_word' id='word_1_242' title='bbox 2393 4009 2742 4084; x_wconf 88' lang='lat' dir='ltr'>describit</span> 
     </span>
     <span class='ocr_line' id='line_1_33' title="bbox 669 4123 1270 4199; baseline 0.005 -3"><span class='ocrx_word' id='word_1_243' title='bbox 669 4123 935 4197; x_wconf 90' lang='lat' dir='ltr'>lineam</span> <span class='ocrx_word' id='word_1_244' title='bbox 971 4137 1270 4199; x_wconf 90' lang='lat' dir='ltr'>rectam.</span> 
     </span>
     <span class='ocr_line' id='line_1_34' title="bbox 770 4236 2734 4333; baseline -0.001 -22"><span class='ocrx_word' id='word_1_245' title='bbox 770 4237 876 4311; x_wconf 89' lang='lat' dir='ltr'>At</span> <span class='ocrx_word' id='word_1_246' title='bbox 930 4238 1259 4315; x_wconf 91' lang='lat' dir='ltr'>definitio</span> <span class='ocrx_word' id='word_1_247' title='bbox 1324 4236 1647 4312; x_wconf 87' lang='lat' dir='ltr'>Euclidis</span> <span class='ocrx_word' id='word_1_248' title='bbox 1705 4237 2001 4312; x_wconf 93' lang='lat' dir='ltr'>omnino</span> <span class='ocrx_word' id='word_1_249' title='bbox 2052 4247 2162 4311; x_wconf 90' lang='lat' dir='ltr'>est</span> <span class='ocrx_word' id='word_1_250' title='bbox 2217 4236 2734 4333; x_wconf 86' lang='lat' dir='ltr'>insignificans.</span> 
     </span>
    </p>
   </div>
  </div>
 </body>
</html>
