3094 5125
671 465 814 531 404
954 478 1061 530 DE
1099 477 1561 532 Pmncn’ns
1601 480 1704 532 m*
1743 479 2481 534 RAT1oc1NAT10NE

308 673 443 713 cu.
473 671 604 712 vm.
665 632 904 742 jorem'
938 645 1266 741 ejusdem
1299 648 1614 743 generis.
1716 648 2267 745 Appellabimus
2312 658 2593 721 autem
2652 645 2798 718 hoc

175 844 180 851 ,
317 800 386 844 D„
405 798 578 858 „gum
674 781 906 854 genus
964 759 1239 855 anguli,
1301 759 1653 858 angulum
1701 762 2036 858 genitum
2095 786 2190 835 ex
2249 759 2800 846 circulatione,

677 871 828 944 sive
887 882 1096 943 motu
1155 872 1495 946 circulari
1549 873 1756 947 radii.
1885 876 2141 972 Itaque
2208 874 2455 947 ideam
2523 870 2804 968 anguli

676 985 895 1081 hujus
930 986 1219 1081 generis
1255 986 1661 1083 perfectam
1694 987 1944 1062 habes.
2052 989 2417 1062 Caeterum
2459 986 2576 1059 ad
2617 985 2804 1058 defi-

680 1097 1031 1171 nitionem
1059 1098 1216 1193 ejus
1249 1098 1678 1194 legitimam,
1708 1100 2223 1196 investiganda
2246 1100 2449 1197 prius
2483 1123 2592 1172 ea
2617 1108 2806 1171 sunt

683 1234 849 1306 quae
881 1210 1021 1306 ipsi
1055 1223 1227 1285 sunt
1260 1212 1698 1286 essentialia.

782 1324 1104 1398 Primum
1135 1334 1267 1413 est,
1304 1337 1391 1398 ut
1427 1325 1523 1398 sit
1559 1335 1937 1420 quantum.
2041 1327 2209 1400 Hoc
2244 1337 2501 1400 autem
2544 1321 2804 1397 mani-

680 1437 947 1511 festum
985 1448 1120 1526 est,
1170 1461 1262 1510 ex
1295 1461 1383 1511 eo
1421 1438 1622 1534 quod
1676 1439 1865 1512 alter
1898 1439 2132 1513 altero
2167 1441 2406 1536 major
2439 1461 2623 1512 esse
2660 1459 2801 1533 po-

680 1559 868 1623 test:
920 1562 1003 1623 ut
1035 1550 1346 1646 angulus
1381 1548 1578 1624 BAC
1609 1552 1844 1646 major
1877 1561 1987 1624 est
2022 1552 2292 1648 angulo
2330 1552 2580 1625 BAH.

784 1662 1151 1751 Secundo,
1187 1663 1362 1758 quia
1395 1664 1645 1760 anguli
1695 1664 1932 1753 BAH,
1976 1665 2142 1738 EAI
2197 1665 2516 1762 aequales
2583 1670 2795 1747 sunt,

685 1777 817 1851 sed
848 1800 1087 1873 neque
1123 1787 1341 1850 rectae
1367 1778 1524 1867 AB,
1556 1777 1709 1868 AE,
1761 1801 2000 1874 neque
2045 1778 2269 1874 plana
2304 1777 2551 1866 BAH,
2582 1773 2794 1863 EAI,

687 1891 998 1988 aequalia
1029 1901 1224 1979 sunt,
1262 1902 1546 1964 certum
1583 1901 1697 1964 est
1731 1891 1931 1987 quod
1977 1892 2295 1965 essentia
2329 1890 2593 1986 anguli
2633 1911 2793 1961 non

687 2004 1025 2078 consistit
1071 2027 1309 2100 neque
1362 2004 1440 2077 in
1488 2005 1899 2100 quantitate
1945 2005 2306 2078 linearum
2341 2004 2619 2101 quibus
2682 2001 2792 2073 in-

688 2116 1034 2205 cluditur,
1070 2140 1308 2212 neque
1359 2116 1438 2189 in
1474 2117 1885 2213 quantitate
1930 2118 2480 2215 superficierum
2531 2113 2789 2199 BAH,

686 2230 855 2305 EAI
885 2258 902 2302 :
954 2254 1192 2326 neque
1250 2229 1561 2328 denique
1617 2230 1952 2304 consistit
2011 2230 2324 2305 essentia
2381 2230 2646 2327 anguli
2708 2227 2789 2298 in

686 2342 1193 2440 magnitudine
1222 2367 1524 2416 arcuum
1557 2342 1719 2433 BH,
1743 2344 1866 2433 EI,
1893 2368 2059 2417 cum
2080 2345 2330 2440 anguli
2359 2344 2495 2439 ipsi
2533 2363 2788 2439 aequa·

688 2457 793 2530 les
827 2457 998 2545 sint,
1036 2480 1249 2529 arcus
1283 2456 1595 2552 aequales
1631 2480 1778 2529 non
1815 2457 1983 2532 sint.

798 2571 945 2645 Ubi
981 2594 1156 2666 ergo
1190 2571 1643 2644 inveniemus
1678 2572 2171 2667 aequalitatem
2211 2573 2435 2661 illam,
2470 2579 2789 2667 propter

700 2707 919 2779 quam
947 2683 1260 2777 aequales
1297 2683 1641 2756 dicuntur
1677 2684 1822 2758 duo
1858 2686 2108 2781 anguli
2147 2685 2382 2774 BAH,
2415 2684 2644 2759 EAI?

799 2795 964 2868 Duo
1001 2795 1250 2891 anguli
1288 2796 1520 2886 BAH,
1543 2797 1711 2871 EAI
1763 2799 2079 2895 aequales
2119 2811 2504 2884 vocantur,
2549 2819 2785 2893 prop-

696 2922 901 2983 terea
936 2909 1133 3006 quod
1168 2911 1480 3006 aequales
1514 2923 1688 2984 sunt
1732 2923 1999 3007 partes,
2038 2912 2189 2985 sive
2223 2911 2468 3008 potius
2516 2910 2787 2983 eadem

698 3046 893 3120 parS,
929 3022 1158 3095 totius
1196 3023 1774 3098 circumlationis
1823 3024 2034 3098 radii.
2140 3025 2328 3098 Sunt
2376 3026 2571 3098 enim
2626 3023 2783 3096 duo

700 3158 912 3208 arcus
949 3135 1089 3208 BH
1126 3146 1202 3208 et
1233 3135 1332 3208 EI
1382 3135 1563 3209 facti
1614 3161 1658 3209 a
1702 3149 1911 3210 motu
1954 3137 2163 3226 radii,
2199 3138 2349 3210 sive
2384 3138 2570 3210 recti
2622 3135 2784 3209 sive

704 3249 931 3337 curvi,
969 3248 1100 3320 AB
1151 3247 1408 3321 eodem
1459 3260 1815 3344 tempore.
1920 3250 2181 3346 Itaque
2217 3250 2595 3347 aequalitas
2646 3271 2783 3323 an-

701 3361 1043 3457 gulorum
1077 3361 1296 3457 hujus
1348 3363 1637 3458 generis
1673 3363 2003 3436 consistit
2037 3364 2114 3436 in
2150 3364 2573 3459 aequalitate
2607 3384 2781 3458 par-

701 3479 887 3553 tium
915 3479 1266 3572 temporis
1301 3478 1379 3551 in
1405 3503 1550 3574 quo
1573 3479 1952 3553 circulatio
1985 3490 2143 3553 tota
2163 3480 2351 3553 radii
2375 3479 2778 3576 perficitur.

703 3593 949 3687 Atque
983 3589 1156 3663 hinc
1191 3603 1324 3680 est,
1359 3615 1496 3665 nec
1539 3592 1857 3681 aliunde,
1895 3592 2092 3687 quod
2127 3604 2285 3666 tum
2319 3592 2570 3689 anguli
2620 3604 2780 3665 tum

705 3716 1047 3792 sectoreS,
1099 3703 1174 3775 in
1222 3703 1481 3777 eodem
1533 3705 1807 3779 circulo
1844 3707 2139 3803 sumpti,
2177 3718 2349 3779 sunt
2396 3708 2473 3779 in
2520 3705 2781 3779 eadem

705 3820 992 3892 ratione
1018 3841 1186 3891 cum
1223 3818 1370 3891 suis
1402 3820 1738 3892 arcubus.

810 3931 1060 4005 Habes
1095 3954 1271 4026 ergo
1317 3943 1657 4004 naturam
1710 3932 1961 4029 anguli
2000 3957 2092 4005 ex
2126 3932 2615 4006 circulatione
2644 3957 2781 4030 ge·

706 4045 868 4133 niti,
906 4068 1191 4140 nempe,
1229 4043 1532 4118 eandem
1564 4069 1729 4119 cum
1765 4060 2032 4119 natura
2066 4046 2583 4121 circulationis.
2685 4046 2781 4118 Et

709 4158 1020 4255 angulus
1056 4159 1213 4254 ipse
1251 4168 1362 4230 est
1409 4181 1578 4253 pars
1632 4159 2127 4233 circulationis
2178 4160 2426 4233 totius.
2528 4159 2623 4231 Et
2663 4180 2778 4230 ar-

710 4295 865 4360 cuS,
913 4283 988 4344 et
1042 4270 1292 4368 anguli
1349 4271 1484 4360 sui,
1533 4271 1791 4344 eadem
1843 4282 1952 4345 est
1999 4272 2387 4368 quantitas.
2490 4270 2778 4344 Nomen

715 4394 962 4458 autem
997 4385 1243 4480 anguli
1282 4384 1486 4459 arcui
1520 4384 1775 4459 datum
1810 4397 1945 4477 est,
1979 4397 2281 4483 propter
2334 4386 2563 4459 lineas
2590 4407 2780 4480 quae,
