3094 5125
488 475 496 481 ·
628 459 774 525 424
914 471 1023 523 ΒΕ
1062 471 1526 523 PR1NCIPIIS
1567 471 1671 524 ET
1709 467 2440 523 RA'rloclNA'rloNn

245 665 380 707 mr.
412 666 546 707 xm.
629 663 811 713 voce
846 639 1105 713 Graeca
1140 638 1371 711 utitur
1415 637 1760 711 Euclides
1811 661 1947 733 pro
1982 635 2266 709 ratione
2301 644 2347 708 2
2383 635 2483 708 ad
2534 644 2562 707 1
2627 633 2782 707 vel

263 735 546 769 κ--Ὑ-κ

240 794 309 837 De
328 793 501 836 rationu

240 856 429 903 calculo.

504 806 548 835 m
630 764 675 825 4
715 753 810 826 ad
845 763 916 840 2,
945 752 1073 825 ubi
1106 776 1360 825 rursus
1389 752 1684 825 Clavius
1720 751 1920 824 illam
1949 749 2195 823 reddit
2228 772 2362 845 per
2391 747 2776 846 duplam.

634 867 901 939 Nonne
944 889 1121 960 ergo
1159 880 1236 938 et
1283 866 1440 961 ipse
1476 865 1792 949 Claviu8‚
1828 888 1919 937 ex
1966 887 2056 936 eo
2091 861 2291 958 quod
2336 862 2522 934 dixit
2577 862 2779 934 Eu-

635 978 860 1051 clides
921 977 1395 1074 duplicatam,
1447 977 1808 1051 intellexit
1868 976 2090 1068 (sicut
2148 976 2306 1066 alii)
2372 975 2704 1071 duplam
2739 973 2776 1047 i*

638 1091 787 1167 Qui
851 1092 1058 1164 verbi
1126 1091 1454 1187 ejusdem
1525 1091 2140 1187 significationem
2205 1088 2429 1161 modo
2499 1112 2774 1160 unam

636 1204 858 1278 modo
895 1205 1113 1277 aliam
1158 1204 1360 1293 facit,
1397 1204 1576 1276 mihi
1631 1203 1928 1300 quidem
1977 1203 2269 1276 videtur
2321 1202 2776 1298 subjectam

637 1341 793 1391 rem
837 1317 1037 1391 nullo
1090 1317 1315 1390 modo
1374 1317 1811 1412 intelligere.
1920 1316 2088 1390 Quo
2125 1327 2377 1388 autem
2432 1315 2765 1388 nomine

642 1429 1117 1526 appellabunt
1151 1429 1513 1502 rationem
1549 1437 1593 1501 8
1622 1428 1719 1501 ad
1751 1438 1794 1501 4
1836 1439 2338 1524 comparatam
2388 1451 2558 1500 cum
2612 1450 2762 1499 ra-

642 1545 843 1617 tione
881 1551 927 1618 8
963 1543 1058 1616 ad
1094 1541 1192 1616 2?
1298 1542 1570 1615 Dicent
1622 1542 1824 1615 illam
1879 1565 2039 1615 esse
2094 1542 2315 1638 hujus
2356 1538 2759 1637 subdupli-

644 1665 914 1745 catam,
953 1669 1029 1729 et
1063 1655 1371 1729 rationis
1410 1663 1455 1728 8
1491 1655 1589 1728 ad
1632 1664 1658 1729 l
1703 1654 2334 1753 subtriplicatam.
2459 1654 2756 1727 Nume-

644 1792 808 1841 rum
842 1780 1089 1842 autem
1129 1766 1415 1841 numeri
1466 1766 1912 1863 subduplum
1960 1767 2233 1855 dicent,
2271 1791 2420 1840 non
2455 1766 2743 1840 subdu-

644 1881 1047 1977 plicatum;
1101 1893 1176 1954 et
1223 1903 1612 1953 numerum
1660 1889 1707 1955 2
1746 1881 2033 1953 numeri
2068 1887 2114 1952 6
2154 1905 2303 1954 non
2358 1881 2743 1978 subtripli-

646 2004 920 2082 catum,
991 1992 1122 2066 sed
1205 1993 1693 2089 subtriplum:
1771 1992 2072 2066 nomina
2156 1994 2442 2067 Latinae
2527 1995 2745 2091 genti

645 2108 999 2181 inaudita.
1104 2108 1362 2203 Itaque
1396 2108 1749 2181 cessantis
1786 2109 1943 2204 jam
1976 2107 2254 2204 linguae
2287 2109 2533 2197 verba,
2571 2133 2744 2204 quae

649 2220 855 2294 velut
911 2231 1356 2294 testamenta
1416 2236 1653 2295 morte
1717 2222 2155 2295 confirmata
2205 2233 2401 2310 sunt,
2444 2233 2519 2295 et
2569 2246 2743 2318 quae

647 2337 916 2410 mutari
970 2361 1118 2410 non
1179 2337 1474 2426 debent,
1531 2362 1666 2411 suo
1725 2336 2031 2409 arbitrio
2086 2337 2244 2408 sine
2299 2336 2744 2409 necessitate

651 2461 911 2523 mutat.
1039 2450 1239 2524 Quid
1275 2451 1472 2523 enim
1526 2451 1829 2524 omnino
1876 2448 2244 2545 significat
2297 2449 2744 2545 subduplum

651 2577 784 2637 aut
818 2562 1435 2658 subduplicatum,
1483 2562 1546 2635 si
1584 2564 1950 2658 significat
2001 2562 2279 2659 aliquid
2324 2576 2594 2660 praeter
2629 2561 2743 2637 di-

652 2675 1004 2748 midium:
1043 2687 1172 2748 aut
1206 2675 1649 2772 subtriplum
1675 2677 1790 2749 vel
1825 2677 2438 2773 subtriplicatum,
2470 2689 2747 2773 praeter

658 2788 956 2864 tertiam
992 2797 1302 2883 partem.
1407 2788 1772 2862 Retinebo
1807 2813 1986 2885 ergo
2019 2791 2379 2864 vocabula
2422 2789 2744 2886 propria,

658 2901 1113 2998 duplicatum
1169 2924 1437 2974 vocans
1497 2901 1720 2974 etiam
1777 2902 2105 2999 duplum,
2155 2915 2233 2977 et
2290 2903 2744 2999 triplicatum

646 3013 1006 3110 „triplum3
1061 3037 1200 3087 nec
1233 3037 1369 3110 pro
1408 3013 1918 3109 subduplicato
1953 3028 2031 3087 et
2065 3015 2573 3112 subtriplicato
2609 3014 2744 3086 du-

659 3128 913 3202 bitabo
951 3127 1196 3202 dicere
1233 3128 1641 3212 dimidium,
1678 3139 1751 3201 et
1799 3130 2098 3202 tertiam
2134 3142 2446 3224 partem,
2493 3128 2610 3200 vel
2649 3126 2748 3220 (si

659 3242 873 3331 libet)
935 3243 1307 3339 trientem.
1410 3242 1656 3316 Etiam
1703 3241 1781 3314 in
1832 3243 2239 3315 rationibus
2294 3243 2744 3338 (quanquam

661 3355 741 3428 id
792 3379 937 3428 non
988 3356 1350 3429 concedat
1388 3354 1714 3447 Clavius)
1776 3354 2111 3429 similiter
2173 3355 2438 3445 dicam,
2472 3356 2613 3429 nisi
2666 3353 2747 3427 id

662 3469 845 3542 falso
883 3467 1030 3541 dici
1064 3469 1426 3542 ostendat.
1501 3467 1723 3544 Quod
1758 3468 1955 3541 enim
1988 3479 2226 3564 rogat,
2263 3474 2311 3508 ‘⁶
2342 3469 2527 3544 Quis
2560 3467 2747 3541 affir-

664 3582 895 3656 mabit
960 3581 1039 3654 in
1107 3582 1220 3654 his
1286 3583 1614 3655 numeris
1672 3581 2024 3655 continue
2078 3581 2746 3678 proportionalibus

667 3703 1088 3782 25-—5—1,
1116 3697 1669 3791 proportionem
1705 3704 1799 3769 25
1837 3694 1935 3768 ad
1979 3703 2004 3768 l
2053 3694 2354 3791 duplam
2391 3719 2552 3769 esse
2583 3718 2751 3791 pro-

666 3808 1026 3905 portionis
1087 3817 1181 3883 25
1244 3807 1341 3881 ad
1405 3818 1500 3882 5:
1555 3809 1801 3905 potius
1857 3832 2019 3881 eam
2056 3808 2219 3903 quis
2271 3808 2540 3881 dixerit
2591 3830 2749 3881 esse

669 3921 1130 4017 quintuplam
1153 3921 1224 3993 ”2
1280 3920 1464 3993 nihil
1508 3921 1796 4017 probat.
1906 3921 2130 4008 Quid,
2176 3921 2350 4018 quia
2393 3920 2749 3995 terminus

669 4036 949 4131 primus
997 4047 1111 4109 est
1158 4034 1587 4132 quintuplus
1622 4034 1949 4124 secundi,
1987 4046 2064 4107 et
2109 4033 2476 4109 secundus
2510 4035 2751 4108 tertii:

671 4150 765 4223 ob
803 4172 963 4222 eam
998 4173 1296 4223 causam
1338 4147 1607 4221 dixerit
1659 4146 1921 4242 aliquis
1976 4148 2340 4221 rationem
2396 4157 2491 4224 25
2536 4147 2633 4221 ad
2685 4156 2753 4237 1,

668 4262 1133 4358 quintuplam
1186 4284 1344 4335 esse
1391 4260 1699 4334 rationis
1742 4269 1783 4332 5
1820 4259 1918 4333 ad
1964 4269 2026 4351 l,
2062 4262 2307 4357 potius
2342 4285 2564 4357 quam
2622 4260 2758 4338 du-

656 4375 921 4468 plam?
1046 4374 1524 4454 Manifestum
1583 4384 1696 4451 est
1755 4373 2119 4452 rationem
2180 4384 2274 4451 25
2337 4374 2432 4451 ad
2496 4384 2538 4448 5
2597 4396 2754 4448 esse
