3094 5125
654 474 795 540 354
1200 485 1757 538 PROBLEMATA
1793 486 2178 539 PanmA.

292 679 428 721 cn».
458 681 567 723 vn.
650 652 729 725 in
766 675 986 748 quam
1018 651 1279 724 incidit
1311 662 1484 724 ante
1518 664 1942 749 perrumpat
1985 677 2205 750 quam
2240 653 2525 726 caeteris
2560 677 2741 749 par-

234 807 301 851 D„
320 815 440 851 mom
460 822 554 866 pe„
654 765 871 854 tibus,
910 788 1091 861 quas
1123 787 1420 838 necesse
1455 778 1570 838 est
1603 764 1818 839 simul
1868 766 2154 855 cadere,
2204 766 2733 839 communicari

230 874 519 930 pendiculari,
547 879 631 919 etc.
650 879 906 976 possit·

752 993 847 1065 Α.
905 991 1107 1064 Ictus
1155 991 1394 1065 mallei
1450 991 1738 1065 clavum
1785 993 2149 1088 profunde
2196 993 2271 1065 in
2323 980 2602 1089 lignum
2652 1002 2731 1064 et

652 1105 894 1179 subito
954 1104 1224 1201 adiget.
1331 1104 1725 1180 Quodnam
1778 1106 2067 1202 pondus
2121 1106 2344 1202 capiti
2399 1104 2728 1201 ejusdem

652 1217 840 1290 clavi
882 1217 1327 1314 impositum,
1363 1241 1591 1314 usque
1642 1217 1737 1290 ad
1795 1218 2101 1291 eandem
2150 1217 2727 1314 profunditatem

651 1329 925 1429 adiget,
972 1343 1049 1404 et
1103 1342 1378 1427 quanto
1433 1330 1816 1427 tempore?
1902 1331 2289 1405 Problema
2343 1331 2540 1403 enim
2586 1343 2724 1420 est,

652 1443 852 1539 quod
885 1444 1149 1540 saepius
1176 1443 1422 1516 audivi
1458 1442 1863 1516 discussum
1899 1444 2092 1518 inter
2126 1443 2491 1541 physicos

753 1558 851 1632 B.
905 1557 1339 1630 Differentia
1370 1581 1533 1653 quae
1569 1569 1679 1630 est
1723 1557 1919 1630 inter
1953 1556 2256 1632 modum
2289 1580 2435 1653 quo
2472 1578 2724 1653 opera-

651 1682 774 1744 tur
804 1670 1118 1767 pondus‚
1167 1684 1246 1743 et
1280 1669 1581 1743 modum
1614 1694 1758 1766 quo
1800 1684 2147 1767 operatur
2179 1670 2394 1758 ictuS,
2427 1668 2606 1742 facit
2637 1681 2728 1741 ut

649 1783 973 1857 calculus
998 1783 1095 1857 sit
1128 1782 1615 1856 difficillimus.
1702 1783 1895 1856 Nam
1930 1784 2120 1856 ictus
2147 1783 2242 1856 ad
2267 1806 2494 1855 unum
2516 1781 2727 1877 quasi

647 1909 1005 1992 punctum
1037 1897 1243 1994 ligni,
1281 1897 1659 1971 celeritate
1706 1920 1839 1970 sua
1882 1897 2374 1970 resistentiam
2422 1907 2726 1969 caetera-

648 2033 814 2083 rum
867 2011 1187 2107 partium
1232 2010 1678 2084 antevertit:
1731 2008 1927 2083 unde
1973 2009 2221 2082 clavus
2264 2008 2552 2082 facilius
2607 2008 2727 2081 in-

646 2123 999 2219 greditur.
1104 2122 1252 2197 Sed
1283 2122 1572 2220 pondus
1603 2145 1742 2195 nec
1777 2134 2066 2220 tempus
2101 2120 2489 2196 resistendi
2533 2145 2725 2220 prae-

646 2237 873 2326 venit,
941 2246 1016 2310 et
1081 2236 1573 2309 resistentiam
1638 2248 1884 2329 auget.
2020 2234 2167 2309 Sed
2226 2248 2575 2331 quantum
2646 2249 2726 2309 et

647 2360 925 2447 quanto
960 2363 1315 2446 tempore,
1351 2349 1533 2422 illud
1559 2358 1668 2420 est
1704 2347 1903 2443 quod
1931 2347 2417 2423 determinare
2451 2348 2724 2446 impos-

643 2463 867 2543 sibile,
887 2486 1044 2536 esse
1076 2474 1280 2558 puto,

748 2577 848 2652 A.
904 2577 1263 2652 Quaenam
1305 2585 1419 2647 est
1463 2574 1877 2648 differentia
1913 2572 2037 2647 in*
2090 2575 2588 2648 reflectionem
2645 2586 2724 2648 et

645 2712 1043 2777 recursum,
1082 2689 1370 2786 qualem
1405 2688 1824 2784 experimur
1854 2687 1932 2760 in
1968 2689 2354 2761 tormentis
2386 2687 2721 2760 bellicis?

742 2802 838 2877 B.
893 2801 1374 2900 Repercussio
1408 2800 1670 2890 omnis,
1707 2801 2001 2898 proprie
2049 2801 2445 2898 loquendo,
2476 2824 2722 2873 recur-

644 2940 768 2989 sus
819 2928 979 2990 est:
1032 2927 1109 2989 at
1167 2939 1316 2989 non
1377 2939 1418 2988 e
1474 2913 1848 2988 contrario
1902 2914 2139 2988 omnis
2201 2937 2540 2988 recursus
2608 2925 2720 2988 est

642 3030 1120 3126 repercussio.
1223 3026 1707 3125 Repercussio
1767 3049 2053 3125 semper
2103 3028 2191 3101 fit
2245 3052 2291 3102 a
2345 3028 2722 3101 reactione

641 3143 969 3239 corporis
1002 3142 1367 3239 percussi:
1422 3140 1551 3214 sed
1587 3162 1926 3213 recursus
1955 3164 2103 3214 non
2159 3163 2471 3238 semper.
2574 3140 2721 3213 Re-

641 3279 898 3328 cursus
932 3255 1130 3328 enim
1164 3279 1314 3329 non
1348 3255 1434 3329 fit
1466 3252 1867 3351 premendo
1914 3253 2288 3349 pulverem
2334 3255 2719 3339 nitratum,

641 3366 771 3441 sed
804 3393 850 3441 a
882 3368 954 3441 vi
998 3369 1335 3457 flammae,
1373 3392 1538 3465 quae
1575 3390 1885 3441 accenso
1935 3351 2235 3464 pulve're
2272 3390 2716 3463 quaquaver-

641 3504 804 3554 sum
837 3481 1214 3577 aequaliter
1247 3494 1606 3555 movetur.

741 3594 841 3668 A.
897 3594 1300 3667 Recursum
1334 3594 1538 3667 illum
1576 3605 1833 3666 natum
1869 3617 2026 3666 esse
2060 3605 2400 3690 putaram
2428 3595 2521 3667 ab
2548 3618 2718 3667 aere

638 3707 718 3781 in
753 3732 1107 3782 canonem
1157 3708 1508 3781 redeunte
1541 3719 1929 3804 postquam
1974 3708 2268 3781 flamma
2300 3720 2377 3781 et
2408 3709 2558 3805 pila
2590 3731 2718 3780 ex-

637 3822 866 3918 plosae
934 3834 1197 3895 essent.
1334 3821 1526 3894 Nam
1603 3831 1687 3893 ut
1754 3820 1897 3893 loci
1976 3833 2288 3908 tantum,
2359 3833 2714 3916 quantum

638 3958 953 4008 vacuum
1018 3946 1321 4031 propter
1381 3933 1877 4029 explosionem
1938 3932 2499 4029 relinqueretur,
2561 3947 2714 4006 tam

637 4049 880 4122 subito
914 4072 1079 4121 aere
1113 4049 1436 4120 intrante
1465 4070 1596 4142 per
1620 4046 1951 4119 foramen
1980 4047 2326 4142 exiguum
2359 4047 2541 4120 illud
2568 4070 2714 4143 quo

636 4161 875 4256 pulvis
908 4161 1466 4248 accendebatur,
1504 4160 1791 4255 impleri
1826 4183 2036 4255 posse
2065 4184 2214 4233 non
2249 4173 2612 4258 putaram.

735 4274 832 4346 B.
887 4275 1213 4348 Flamma
1247 4273 1371 4346 illa
1403 4272 1587 4344 nihil
1634 4272 1832 4345 aliud
1869 4286 1984 4346 est
2028 4287 2296 4368 praeter
2337 4273 2711 4369 pulverem

1279 4460 1314 4494 ⁴*
1361 4458 1458 4519 Sic
1485 4459 1622 4518 edit.
1659 4460 1811 4517 1662
1840 4469 1899 4517 et
1934 4460 2103 4517 1668.
