3094 5125
722 484 818 548 30
1156 497 1690 551 nxAMmATlo
1729 498 1832 550 m·
1869 495 2359 550 EMENDA'no

341 685 647 730 munaus
718 660 990 756 adjecit
1044 662 1225 736 illud
1276 674 1644 762 qnatenus
1689 661 1975 737 mobile.
2078 662 2209 735 Sin
2245 660 2574 750 dixisset,
2613 660 2825 758 phy-

347 768 634 874 *ssd
717 774 950 847 sicam
998 776 1386 850 scientiam
1435 801 1599 850 esse
1648 777 1724 850 in
1764 802 1915 875 qua
1947 776 2544 850 demonstrantur
2575 776 2822 870 affec-

717 888 957 961 tiones
1013 892 1358 988 corporis
1412 891 1742 964 orientes
1799 917 1895 964 ex
1947 892 2111 986 ejas
2166 887 2603 977 mobilitate,
2653 912 2816 962 non

717 1013 899 1096 puto
968 1003 1357 1099 adjecisset
1425 1013 1790 1101 quatenus
1858 1002 2141 1076 mobile.
2251 1002 2374 1075 Sic
2433 999 2818 1074 Wallisins

717 1114 964 1210 potuit
998 1115 1288 1206 dixisse,
1333 1116 1753 1215 geometria
1788 1125 1905 1189 est
1936 1114 2258 1188 scientia
2307 1113 2585 1211 magni,
2624 1139 2818 1210 qua-

718 1236 928 1300 tenus
962 1228 1501 1316 mensurabilis,
1538 1229 1668 1302 sed
1702 1253 1853 1302 non
1881 1226 2416 1326 magnitudinis
2450 1235 2819 1323 quatenus

715 1338 1238 1414 mensurabilis
1264 1370 1293 1426 ;
1343 1353 1737 1439 propterea
1770 1341 1971 1436 quod
2018 1342 2096 1413 in
2138 1364 2447 1437 corpore
2483 1340 2814 1434 quidem,

719 1454 872 1526 sive
910 1478 1173 1550 magno
1229 1456 1380 1527 sive
1429 1479 1680 1551 parm,
1717 1465 1887 1528 sunt
1942 1455 2087 1527 alia
2136 1453 2371 1526 multa
2415 1476 2582 1550 quae
2628 1477 2814 1526 eon·

720 1566 1027 1640 siderari
1055 1583 1361 1663 possunt
1386 1582 1884 1665 praeterquam
1913 1567 2110 1663 quod
2144 1568 2242 1640 sit
2273 1566 2813 1651 mensurabile,-

716 1680 795 1752 in
856 1680 1362 1776 magnitudine
1431 1693 1679 1754 autem
1735 1681 1944 1753 nihil.
2049 1680 2335 1753 Deinde
2396 1679 2603 1769 illud,
2665 1682 2811 1754 sci-

718 1794 919 1868 entia
950 1794 1512 1893 magnitudinis,
1551 1796 1703 1868 sive
1730 1794 1952 1867 etiam
1980 1792 2259 1890 magni,
2289 1804 2576 1865 tantem
2601 1794 2814 1868 abest

716 1908 809 1982 ab
845 1918 1116 1998 ἀκριβείᾳ,
1158 1920 1243 1982 ut
1280 1909 1378 1982 sit
1411 1908 1836 1985 absurdum.
1940 1907 2142 1982 Quid
2172 1931 2420 2002 quaeso
2455 1920 2573 1980 est
2606 1909 2813 1981 scire

717 2022 1319 2119 magnitudinem,
1348 2023 1463 2096 vel
1497 2025 1696 2096 scire
1727 2046 2070 2121 magnum
2096 2024 2140 2093 ,9
2193 2020 2469 2093 Praeter
2494 2020 2808 2118 alicujus

718 2135 900 2209 dieti
927 2136 1335 2221 veritatem,
1363 2136 1544 2209 nihil
1574 2137 1743 2209 seiri
1772 2136 2087 2218 dieitur3
2140 2134 2389 2228 itaque
2417 2134 2558 2207 nisi
2593 2160 2810 2234 mag-

715 2272 882 2321 num
918 2250 1013 2321 sit
1042 2248 1485 2346 propositio,
1522 2250 1693 2322 sciri
1727 2273 1876 2322 non
1909 2260 2178 2345 potest.

814 2362 913 2433 B.
973 2361 1364 2435 Quomodo
1391 2361 1648 2435 definit
1681 2362 2269 2436 arithmeticam?

814 2473 913 2545 A.
968 2475 1038 2544 A
1044 2473 1529 2547 rithmeticam
1597 2500 1772 2549 vero
1832 2501 1993 2549 esse
2053 2474 2438 2548 scientiam
2494 2475 2806 2566 numeri,

715 2596 1070 2685 qnatenus
1103 2587 1608 2661 numerabilis.

815 2701 913 2775 B.
976 2700 1244 2773 Eadem
1281 2714 1451 2775 sunt
1485 2714 1561 2775 et
1594 2703 1716 2776 hic
1749 2703 1953 2775 vitia.

813 2816 911 2887 Α.
968 2814 1393 2887 Posteriori
1424 2839 1598 2888 vero
1635 2816 1864 2904 modo,
1910 2814 2402 2913 geometriam
2452 2811 2622 2886 dico
2657 2813 2805 2886 sci-

712 2927 986 3001 entiam
1017 2926 1196 2999 bene
1223 2929 1696 3002 mensurandi
1721 2957 1749 3012 ‚·
1802 2927 2348 3002 arithmeticam
2379 2936 2625 2998 autem
2658 2927 2800 2999 sci-

714 3040 988 3114 entiam
1027 3039 1199 3112 bene
1231 3040 1995 3116 numerandi—Quid
2030 3051 2145 3112 est
2180 3062 2605 3111 mensurare
2637 3038 2663 3110 ἒ

810 3153 911 3227 Β.
968 3154 1393 3227 Mensuram
1417 3155 1763 3228 definiisti
1786 3179 2028 3250 supra,
2058 3154 2482 3226 describens
2505 3152 2584 3225 id
2607 3152 2803 3247 quod

710 3263 993 3340 faciunt
1028 3266 1154 3361 qui
1190 3266 1471 3361 aliquid
1505 3281 1959 3355 mensurant,
2007 3267 2357 3339 nimirum
2391 3288 2806 3338 mensnram

711 3401 875 3450 esse
908 3376 1500 3476 applicationem,
1537 3381 1662 3452 διο.
1770 3379 2029 3475 Itaque
2063 3402 2488 3451 mensurare
2530 3389 2642 3451 est
2675 3402 2804 3472 ap-

710 3490 986 3587 plicare
1022 3513 1437 3563 mensuram
1472 3490 1568 3564 ad
1605 3491 2183 3588 magnitudinem
2209 3489 2801 3579 mensurandam,

714 3604 997 3699 quoties
1050 3604 1214 3676 fieri
1272 3615 1542 3699 potest,
1603 3615 1690 3677 ut
1748 3627 2110 3677 mensurae
2159 3603 2253 3676 ad
2300 3615 2803 3677 mensuratum

710 3717 903 3789 ratio
950 3717 1046 3790 ad
1092 3739 1387 3789 sensum
1435 3728 1869 3812 exponatur.
1975 3717 2234 3812 Itaque
2276 3739 2591 3813 corpora
2625 3740 2801 3789 oon-

711 3831 1046 3903 sistentia
1079 3828 1379 3925 quidem
1411 3852 1545 3925 per
1580 3828 1847 3917 lineas,
1899 3829 2181 3926 liquida
2231 3842 2479 3903 autem
2524 3842 2603 3902 et
2637 3853 2801 3926 quae

712 3943 938 4018 fluida
971 3954 1144 4015 sunt
1175 3966 1309 4037 per
1341 3966 1553 4031 vasa,
1588 3944 1996 4016 mensurari
2031 3943 2296 4016 solent.

811 4057 907 4131 A.
963 4056 1229 4129 Nonne
1266 4078 1442 4150 ergo
1471 4055 1661 4127 bene
1687 4078 2111 4128 mensurare
2147 4057 2415 4141 sciunt,
2444 4055 2569 4151 qui
2597 4078 2801 4128 men-

706 4196 913 4246 suras
941 4168 1446 4243 mensurandis
1472 4170 1660 4242 bene
1695 4184 2115 4260 προσαρμόζειν,
2153 4168 2232 4241 id
2266 4182 2403 4258 est,
2431 4169 2799 4263 applicare

706 4282 1004 4359 sciunt?
1107 4283 1383 4355 Omnes
1446 4305 1625 4378 ergo
1686 4282 2045 4372 homines,
2101 4306 2236 4378 per
2293 4281 2800 4356 definitionem

710 4400 902 4472 hanc
938 4396 1274 4487 Wallisii,
1330 4407 1525 4485 sunt,
1572 4419 1725 4470 non
1759 4395 2001 4469 minus
2037 4419 2257 4492 quam
2291 4396 2469 4493 ipse,
2505 4418 2798 4491 geome—
