3094 5125
651 457 748 523 66
1083 472 1622 525 nxAMINA‘no
1663 474 1768 525 m·
1807 474 2303 526 EMENDA‘no

280 664 578 707 mamone
655 662 792 736 que
860 663 1020 713 cum
1085 649 1401 737 utraque
1479 640 1800 739 angulos
1867 640 2184 738 aequales
2245 640 2358 715 ad
2436 637 2752 713 easdem
3059 702 3094 745 rs

283 814 294 831 .
391 746 453 787 ¹¹·
556 815 568 833 ,
639 761 941 853 partes,
976 762 1149 825 sunt
1179 776 1473 850 semper
1505 753 1694 851 ipsoe
1729 753 1922 827 inter
1955 778 2040 826 se
2076 753 2424 851 oeqnales.

751 863 847 938 B.
900 864 1134 938 Video
1164 869 1316 963 jam
1359 890 1584 961 quare
1633 867 2001 963 parallelae
2056 888 2496 940 concurrere
2545 866 2750 938 inter

652 1001 730 1051 se
766 1001 914 1050 non
951 988 1300 1074 possunt;
1354 977 1800 1053 distineatur
1834 980 2029 1053 enim
2062 980 2333 1077 ubique
2368 980 2462 1053 ab
2491 1003 2747 1076 aequa-

651 1092 843 1165 libus
865 1092 1107 1181 rectis,
1122 1091 1531 1188 iisdemque
1554 1093 1936 1188 aequaliter
1958 1107 2035 1166 et
2053 1092 2150 1166 ad
2171 1093 2467 1166 easdem
2486 1103 2745 1190 partes

649 1205 1041 1280 inclinatis
1135 1206 1363 1280 Recte
1398 1217 1644 1281 autem
1683 1217 2155 1305 apponuntur
2189 1209 2414 1281 verba
2447 1206 2594 1295 illa,
2632 1206 2756 1280 ad

648 1319 946 1393 easdem
950 1329 1229 1418 partes
1241 1346 1271 1402 ,·
1291 1343 1461 1393 nam
1483 1319 1754 1415 alioqui
1768 1320 2096 1393 definitio
2118 1344 2268 1394 non
2291 1330 2482 1394 esset
2493 1320 2741 1417 paral-

648 1430 955 1507 lelarum
990 1432 1441 1529 simpliciter,
1476 1432 1606 1505 sed
1646 1432 2102 1506 solummodo
2137 1444 2530 1506 rectarum.

749 1545 1173 1641 Sequuntur
1215 1544 1586 1642 postulata
1631 1546 1817 1618 tria:
1882 1545 1972 1618 de
2027 1546 2292 1643 quibus
2346 1544 2738 1643 postulatis

648 1678 920 1753 quaero,
991 1682 1134 1753 quo
1206 1681 1422 1732 sensu
1492 1657 1640 1731 dici
1722 1659 2007 1755 possint
2083 1658 2735 1733 demonstrationis

644 1769 1030 1867 principia.
1152 1769 1575 1843 Postulatur
1609 1770 1804 1844 enim
1839 1783 1926 1844 ut
1966 1771 2242 1868 aliquid
2280 1772 2516 1870 possit
2547 1773 2732 1846 fieri.

645 1885 1175 1981 Principiorum
1245 1897 1490 1959 autem
1561 1885 2207 1959 demonstrationis
2269 1899 2540 1959 natura
2592 1899 2732 1975 est,

643 1998 1015 2093 postulare
1064 2010 1151 2072 ut
1201 1998 1478 2095 aliquid
1533 1999 1631 2071 sit
1680 1998 2098 2071 habendum
2148 2021 2285 2093 pro
2337 2021 2514 2071 vero
2573 1999 2734 2071 sine

646 2110 1293 2185 demonstratione.
1402 2110 1816 2185 Quaerimus
1862 2111 2059 2184 enim
2103 2111 2179 2183 in
2216 2108 2546 2184 scientiis
2580 2135 2733 2184 non

645 2224 824 2322 quid
855 2224 1097 2297 facere
1131 2247 1267 2297 nos
1301 2246 1713 2319 possumuS,
1751 2222 1881 2297 sed
1917 2222 2096 2321 quid
2121 2247 2376 2296 verum
2410 2235 2545 2297 est.

743 2333 835 2406 A.
892 2336 1153 2431 Neque
1221 2359 1396 2409 vero
1467 2348 1642 2409 sunt
1698 2337 2075 2434 postulata
2139 2337 2300 2410 haec
2366 2337 2733 2435 principia

646 2447 1319 2539 demonstrationis,
1384 2447 1514 2522 sed
1577 2451 2165 2524 constructionis.
2291 2450 2732 2524 Necessaria

644 2573 889 2634 tamen
961 2572 1156 2650 sunt,
1224 2572 1617 2658 propterea
1682 2564 1883 2660 quod
1949 2589 2044 2638 ne
2124 2564 2362 2662 prima
2426 2562 2726 2661 quidem

644 2675 1107 2748 theoremata
1153 2673 1641 2750 demonstrari
1686 2689 1995 2774 possunt
2040 2678 2197 2751 sine
2244 2679 2501 2774 figurae
2550 2702 2725 2751 con-

641 2787 1069 2861 structione.
1144 2787 1336 2863 Nam
1372 2814 1462 2863 ex
1498 2792 2066 2881 constructione,
2095 2791 2173 2865 id
2210 2802 2345 2877 est,
2382 2815 2470 2864 ex
2498 2816 2723 2888 gene-

641 2901 925 2977 ratione
995 2902 1150 2975 sola
1203 2914 1751 3000 cognoscuntur
1810 2906 2220 2978 constructi
2273 2905 2721 2978 affectiones.

641 3015 969 3090 Postulat
1014 3039 1190 3112 ergo
1237 3017 1582 3091 Euclides
1630 3017 1721 3090 ab
1771 3017 2005 3104 initio,
2057 3018 2230 3091 duci
2286 3027 2359 3090 et
2396 3017 2723 3115 produci

579 3116 590 3132 ’
624 3152 859 3228 posse
909 3127 1178 3203 lineam
1229 3139 1506 3203 rectam
1530 3158 1560 3213 ;
1612 3141 1689 3204 et
1739 3129 1994 3228 quovis
2047 3140 2299 3203 centro
2360 3140 2436 3203 et
2488 3131 2721 3205 inter-

638 3240 831 3316 vallo
866 3241 1197 3316 describi
1230 3243 1603 3318 circulum.

741 3355 839 3429 B.
891 3356 1182 3430 Erravit
1226 3356 1453 3452 igitur
1498 3357 1890 3446 wallisius,
1928 3358 2054 3454 qui
2103 3367 2463 3454 punctum
2509 3357 2718 3448 nihil,

632 3479 715 3541 et
763 3467 1032 3541 lineam
1073 3469 1229 3542 sine
1281 3471 1483 3543 omni
1529 3469 1919 3544 latitudine
1977 3491 2134 3543 esse
2180 3471 2520 3567 opinatus
2580 3483 2716 3545 est.

636 3578 916 3654 Ductio
963 3582 1184 3669 enim,
1234 3592 1310 3655 et
1354 3582 1789 3682 productio,
1846 3594 1921 3657 et
1976 3579 2415 3682 descriptio,
2475 3596 2718 3659 motus

638 3704 836 3782 sunt,
898 3705 974 3767 et
1026 3703 1417 3791 propterea
1470 3706 1712 3769 motus
1772 3719 2212 3793 corporum;
2266 3696 2463 3770 aliud
2521 3696 2718 3770 enim

634 3806 817 3880 nihil
884 3806 1150 3880 mobile
1204 3817 1359 3891 est;
1431 3819 1505 3881 et
1565 3809 1863 3904 signant
1926 3831 2216 3905 semper
2273 3809 2572 3905 aliquid,
2642 3820 2718 3883 et

636 3943 919 4017 semper
954 3918 1315 3993 divisibile
1348 3947 1366 4003 ;
1420 3922 1555 3995 etsi
1592 3933 1952 4019 quantum
1988 3922 2303 4018 signant,
2339 3948 2488 3997 non
2525 3946 2714 3996 sem-

634 4058 765 4132 per
799 4034 991 4106 inter
1027 4033 1678 4108 demonstrandum
1720 4036 2246 4111 consideratur.

736 4147 835 4220 A.
894 4146 1317 4242 Sequuntur
1382 4149 1743 4245 principia
1809 4150 1974 4240 alia,
2030 4174 2194 4245 quae
2253 4151 2715 4249 appellantur

638 4283 1038 4332 communes
1073 4260 1424 4334 notiones.

736 4372 835 4445 B.
894 4373 1283 4449 Quomodo
1353 4373 1698 4449 differunt
1768 4376 1961 4450 inter
2015 4400 2092 4449 se
2145 4376 2565 4474 postulata,
2635 4389 2712 4450 et
