3094 5125
771 513 1397 565 MATHEMATICAE
1441 511 1926 565 nomuRNAE.
2243 498 2377 565 129

295 688 405 749 es't
438 678 687 772 pretii,
725 703 966 776 neque
1014 680 1075 753 is
1125 681 1248 777 qui
1303 680 1509 753 illum
1558 680 1867 776 scripsit.
1977 679 2384 777 Scripserat
2453 701 2755 745 numana

298 791 775 886 Oughtredus
811 793 1068 889 Capite
1103 806 1311 867 sexto
1355 792 1611 866 Clavis
1638 791 2209 884 Mathematicce,
2246 797 2381 869 sub
2465 855 2485 874 .
2569 786 2656 825 ¹¹¹·
2720 854 2748 876 ,

294 904 611 994 initium,
651 906 852 1001 quod
888 907 1224 1002 quotiens
1260 906 1595 980 divisoris
1631 907 1725 980 ad
1761 906 2236 980 dividendum
2273 932 2384 982 ra-

293 1018 568 1090 tionem
629 1019 946 1092 indicat.
1048 1020 1322 1092 Verum
1364 1020 1439 1091 in
1477 1019 1799 1092 editione
1835 1019 2147 1114 Anglica
2181 1021 2383 1093 inve-

291 1131 410 1203 nio
447 1155 542 1204 eo
579 1132 773 1220 locO,
810 1133 1260 1228 quotientem
1300 1157 1464 1205 esse
1497 1132 1857 1206 rationem
1891 1133 2089 1206 illam
2128 1135 2381 1231 ipsam.

293 1244 507 1319 Forte
544 1270 727 1342 ergo
761 1247 949 1319 liber
983 1247 1102 1320 ille
1131 1247 1485 1343 Anglicus
1522 1271 1612 1319 ex
1638 1247 1976 1321 versione
2011 1261 2123 1321 est
2157 1249 2385 1344 ipsius

290 1356 627 1431 Wallisii.

392 1471 493 1544 B.
549 1472 624 1544 N
629 1472 850 1561 esci0,
879 1473 1009 1546 sed
1042 1497 1299 1569 parum
1336 1475 1605 1558 refert;
1643 1497 1794 1548 non
1829 1475 2025 1548 enim
2059 1474 2384 1548 ereditur

293 1583 813 1680 Oughtredum
847 1587 953 1660 sic
987 1587 1176 1660 verti
1209 1587 1546 1661 voluisse.

390 1699 491 1772 A.
546 1699 872 1795 Pergens
902 1729 919 1773 :
998 1699 1661 1800 Comparationem,
1729 1727 1890 1799 qua:
1957 1712 2070 1776 est
2134 1703 2390 1800 quoad

294 1810 827 1906 differentiam,
864 1814 974 1886 ad
1024 1815 1514 1913 quantitatem
1535 1843 1565 1897 ‚·
1615 1825 1697 1888 at
1756 1841 1916 1913 quoe
1967 1816 2216 1912 quoad
2259 1841 2384 1888 ra-

296 1925 588 2014 tionem,
611 1927 724 1998 ad
737 1925 1173 2024 qualitatem
1198 1929 1667 2026 referendam
1687 1951 1873 2017 esse,
1896 1929 2020 2002 ait.
2076 1929 2383 2024 Nempe,

295 2035 491 2111 illam
526 2037 626 2111 ad
661 2038 1312 2135 praedicamentum
1346 2040 1812 2139 quantitatis,
1848 2041 2040 2113 hanc
2075 2041 2169 2113 ad
2203 2064 2387 2136 prae-

297 2149 800 2224 dicamentum
867 2151 1280 2250 qualitatis.
1409 2153 1559 2226 Sed
1627 2154 1904 2249 quare?
2030 2153 2225 2228 Quia
2292 2155 2383 2226 ab

301 2261 608 2336 Euclide
632 2264 980 2337 definitur
1000 2282 1129 2339 ποιὰ
1157 2280 1366 2356 σχέσις.
1443 2266 1558 2338 En
1581 2266 1702 2338 th
1727 2278 2191 2357 xarrpyopapam‘av
2220 2290 2386 2361 pro·

296 2376 654 2451 fessorum
723 2377 1330 2452 academicorum.
1437 2379 1639 2454 Quid
1708 2389 1956 2452 autem
2019 2379 2386 2475 significat

294 2508 417 2562 ποιὰ
445 2506 642 2583 σχέσις
669 2502 696 2560 ?

395 2611 495 2684 B.
549 2610 647 2682 H
641 2609 1090 2684 abitudinem
1114 2610 1653 2708 qualitativam,
1674 2621 1759 2684 ut
1778 2610 1900 2683 ille
1926 2634 2120 2684 nunc
2142 2612 2386 2685 vertit.

300 2724 447 2798 Sed
482 2725 726 2797 fateor
760 2748 878 2797 me
927 2747 1077 2797 non
1121 2724 1533 2820 intelligere
1569 2748 1807 2820 neque
1842 2724 2020 2821 quid
2055 2727 2150 2798 sit
2184 2726 2392 2799 habi-

298 2839 497 2928 tudo,
537 2862 773 2934 neque
803 2838 981 2935 quid
1016 2839 1113 2912 sit
1147 2838 1611 2935 qualitativa.
1700 2838 1922 2911 Dices
1958 2839 2268 2912 fortasse
2304 2851 2389 2913 tu

295 2954 437 3027 hoc
468 2954 636 3026 loco
671 2951 998 3025 tussiisse
1033 2952 1257 3025 etiam
1288 2951 1691 3025 Euclidem.

399 3067 497 3139 A.
561 3066 989 3162 Sequuntur
1037 3065 1380 3160 deinceps
1444 3064 1609 3138 duae
1664 3064 1951 3159 paginae
1999 3064 2075 3135 in
2126 3064 2387 3160 quibus

298 3179 831 3275 interpretatur
885 3176 1063 3272 quid
1116 3175 1264 3249 sint
1324 3176 1770 3274 progressio
1811 3178 2277 3272 geometrica
2312 3191 2390 3251 et

289 3290 745 3389 progressio
813 3289 1310 3378 arithmetica,
1367 3290 1709 3362 continua
1769 3298 1845 3361 et
1914 3290 2338 3388 interrupta
2360 3319 2389 3375 ;

300 3406 425 3478 ubi
471 3427 625 3477 non
671 3414 826 3475 tam
886 3401 1093 3474 deest
1126 3402 1420 3490 veritaS,
1459 3426 1680 3496 quam
1731 3401 2109 3474 abundant
2143 3404 2388 3477 verba.

301 3518 541 3614 Caput
575 3516 1005 3589 vicesimum
1040 3527 1350 3603 sextum,
1407 3515 1736 3588 continet
1772 3513 2175 3588 solutiones
2209 3540 2390 3611 qua-

297 3631 615 3704 rundam
670 3628 1159 3725 quaestionum
1225 3628 1552 3700 facilium
1612 3651 1747 3723 per
1803 3628 2392 3722 progressionem

299 3743 866 3831 arithmeticam,
895 3740 1051 3814 sine
1088 3739 1861 3828 demonstrationibuS,
1890 3754 1974 3812 ut
2008 3742 2205 3837 apud
2239 3743 2395 3827 vulf

299 3885 437 3956 gus
462 3857 1099 3932 arithmeticorum
1132 3855 1649 3950 practicorum.
1705 3853 1944 3949 Caput
1968 3854 2395 3927 vicesimum

301 3972 697 4069 septimum
753 3970 1008 4042 eadem
1045 3979 1122 4042 et
1156 3967 1510 4041 nonnulla
1561 3967 1704 4040 alia
1740 3965 2071 4062 ejusdem
2103 3968 2393 4063 generis

296 4109 432 4182 per
466 4082 801 4181 symbola
834 4081 1312 4169 demonstrat,
1347 4081 1589 4153 minus
1623 4080 2028 4176 perspicue,
2064 4104 2198 4153 nec
2231 4081 2397 4152 bre-

296 4198 457 4272 vius
530 4219 756 4293 quam
820 4194 1105 4291 possint
1183 4193 1675 4267 demonstrari
1754 4193 2089 4265 oratione
2154 4192 2393 4288 plena.

298 4311 645 4407 Denique
714 4308 954 4402 capite
1023 4306 1368 4379 vicesimo
1439 4318 1705 4378 octavo
1774 4304 2030 4377 eadem
2104 4305 2395 4378 brevius

296 4426 578 4513 scribit,
643 4421 776 4494 sed
837 4421 1367 4493 obscurissime.
1474 4420 1722 4516 Caput
1778 4418 2202 4491 vicesimum
2264 4443 2396 4492 no·-

499 4555 695 4610 vo1..
729 4555 840 4605 ιν.
2139 4555 2195 4605 K
