3094 5125
797 532 1431 586 MATHEMATICAE
1471 535 1957 587 RODIERNAE.
2328 520 2421 586 95

300 708 377 769 et
410 698 1058 774 mathematicus?
1160 702 1310 776 Qui
1344 702 1507 774 fieri
1531 702 1799 798 potuit,
1826 714 1912 775 ut
1942 702 2424 797 geometriam
2498 729 2797 772 numana

302 810 391 882 ab
424 811 926 887 arithmetica
962 813 1373 911 dependere
1408 814 1712 904 diceret,
1735 815 1863 910 qui
1898 815 2120 889 sciret
2140 815 2425 890 radices
2503 880 2514 896 .
2610 812 2701 852 ¹¹¹·
2777 880 2793 899 ,

301 946 806 1000 numerorum
876 926 1400 1023 quadratorum
1463 929 1605 1001 rite
1659 940 2029 1002 extractas
2087 952 2242 1002 esse
2298 930 2425 1004 de-

301 1041 730 1113 monstrari
791 1064 948 1113 non
1014 1065 1252 1136 posse,
1299 1041 1443 1114 nisi
1501 1064 1637 1136 per
1697 1051 2037 1138 quartam
2090 1043 2424 1139 proposi-

302 1151 600 1227 tionem
638 1154 1017 1228 Elementi
1057 1155 1360 1228 secundi
1414 1152 1743 1228 Euclidis
1798 1178 1983 1251 pure
2035 1157 2425 1251 geometri-

304 1268 527 1338 cam?
644 1268 989 1364 Denique
1046 1269 1172 1364 qui
1216 1269 1461 1364 potuit
1494 1282 1831 1340 veterum
1880 1279 2422 1364 geometrarum

306 1380 664 1453 omnium
701 1381 1066 1477 capitibus
1101 1382 1207 1454 ita
1229 1381 1609 1470 insultare,
1644 1392 1732 1453 ut
1758 1380 2038 1454 diceret
2073 1404 2198 1454 eos
2225 1381 2425 1479 alge-

306 1489 528 1565 bram
598 1494 1011 1591 ignorasse,
1065 1495 1286 1590 idque
1348 1495 1520 1590 quia
1582 1495 2008 1569 nesciebant
2060 1505 2424 1594 punctum

310 1607 732 1699 geometris
785 1608 983 1682 idem
1037 1633 1198 1682 esse
1260 1608 1463 1706 quod
1520 1606 1719 1682 nihil
1762 1608 2268 1699 arithmeticiS,
2297 1611 2423 1706 qui

315 1720 548 1795 sciret
601 1722 672 1795 si
717 1731 1069 1820 punctum
1121 1722 1306 1795 nihil
1362 1722 1482 1810 sit,
1537 1744 1777 1817 neque
1834 1718 2123 1811 lineam,
2184 1747 2423 1819 neque

315 1835 832 1931 superficiem,
870 1859 1110 1932 neque
1143 1835 1461 1909 solidam
1495 1835 1894 1931 quicquam
1918 1836 2124 1908 esse?
2228 1836 2424 1910 Prae-

321 1957 562 2038 terea,
625 1949 1016 2022 considera
1080 1949 1417 2045 proxima
1473 1950 1632 2044 ejus
1693 1948 1920 2020 verba
1971 1948 2179 2021 haec:
2252 1949 2425 2022 Non

325 2061 510 2156 quia
543 2061 749 2135 linea
785 2062 1160 2160 bipedalis
1186 2061 1519 2161 bipedali
1552 2059 1824 2134 addita
1844 2059 2066 2156 facit
2098 2062 2427 2158 quadru-

316 2174 704 2268 pedalem
761 2175 928 2248 ideo
982 2175 1126 2249 duo
1183 2185 1259 2248 et
1322 2175 1466 2248 duo
1500 2174 1816 2272 faciunt
1882 2184 2228 2271 quatuor,
2287 2177 2432 2249 sed

319 2290 583 2383 potins
619 2289 789 2386 quia
843 2290 1006 2378 hoc,
1040 2314 1224 2387 ergo
1271 2287 1481 2362 illud.
1589 2287 2201 2383 subintelligitur,
2237 2313 2424 2387 ergo

328 2403 754 2497 geometria
814 2401 910 2475 ab
967 2402 1440 2477 arithmetica
1501 2401 1895 2500 dependet,
1930 2427 2072 2477 non
2117 2401 2271 2476 lzaec
2329 2402 2426 2476 ab

335 2512 496 2590 illa.
605 2515 809 2590 Belle
861 2516 1279 2592 admodum.
1381 2515 1521 2591 Dic
1575 2516 1758 2590 mihi
1814 2517 2223 2613 propositio
2278 2517 2423 2609 illa,

340 2627 487 2702 duo
522 2637 600 2701 et
634 2628 777 2701 duo
801 2629 1118 2726 faciant
1150 2640 1491 2729 quatuor,
1529 2642 1735 2704 estne
1772 2628 2100 2704 definitio
2130 2630 2156 2703 Ρ

444 2742 542 2815 Β.
598 2742 795 2815 Non.

442 2856 541 2929 Α.
596 2857 702 2928 At
733 2855 1024 2929 axioma
1059 2855 1084 2927 ἶ·

443 2969 543 3041 B.
600 2969 740 3041 Ita.

442 3082 540 3155 A.
598 3082 734 3155 Est
786 3107 964 3180 ergo
1019 3082 1294 3156 lumine
1348 3082 1666 3155 naturali
1720 3082 2145 3178 cognitum;
2198 3106 2347 3155 non
2382 3108 2429 3157 a

345 3197 697 3292 magistro
730 3196 1211 3270 arithmeticae
1245 3207 1642 3292 repertum,
1677 3195 1807 3269 sed
1853 3220 2023 3269 cum
2069 3196 2231 3293 ipsa
2263 3221 2429 3270 ver-

345 3310 607 3383 borum
643 3310 1146 3384 intellectione
1180 3333 1225 3382 a
1255 3310 1501 3406 pueris
1534 3322 1934 3406 receptum.
2041 3309 2213 3383 Non
2249 3334 2426 3407 ergo

343 3424 569 3498 habet
620 3424 716 3497 ab
752 3424 1215 3496 arithmetico
1248 3433 1650 3518 geometra,
1689 3423 1959 3497 lineam
2013 3422 2428 3520 bipedalem

346 3535 565 3610 lineae
639 3535 976 3635 bipedali
1043 3535 1380 3610 additam
1418 3535 1707 3632 facere
1777 3535 2041 3610 lineam
2094 3537 2428 3634 quadru-

330 3649 708 3749 pedalem

445 3764 545 3837 B.
603 3763 780 3837 Non
837 3763 936 3836 sit
1003 3787 1179 3859 ergo
1240 3763 1552 3852 axioma,
1614 3762 1744 3836 sed
1812 3764 1905 3836 ab
1965 3764 2428 3840 arithmetico

350 3875 1027 3950 demonstrandum.

447 3990 545 4063 Α.
603 3991 792 4065 Quis
813 3999 1060 4062 autem
1081 3986 1264 4061 illud
1285 3989 1790 4064 arithmeticus
1816 4002 1945 4065 aut
1969 3990 2428 4064 demonstra-

351 4103 478 4193 vit,
514 4116 650 4177 aut
684 4104 1190 4177 demonstrare
1224 4126 1303 4175 se
1337 4102 1676 4177 debuisse
1701 4104 2064 4200 judicavit
2101 4103 2126 4176 Ρ
2236 4105 2429 4178 Satis

352 4217 537 4290 enim
575 4243 624 4291 a
656 4215 1091 4304 nutricibus,
1129 4215 1306 4288 dum
1340 4218 1644 4290 nomina
1669 4240 2141 4291 numerorum
2160 4240 2429 4312 pueros

351 4330 640 4420 docent,
697 4331 1267 4404 demonstratur.
1373 4330 1598 4419 Quid,
1650 4331 1850 4427 quod
1900 4329 2204 4404 infinitae
2257 4344 2431 4405 sunt

350 4447 808 4542 quantitates
842 4443 1235 4535 continuae,
1266 4467 1579 4540 quarum
1610 4443 1829 4518 unius
1863 4443 1958 4517 ad
1991 4441 2209 4516 aliam
2245 4444 2436 4518 ratio
