3094 5125
818 505 1451 559 MATnnMArlcAE
1492 508 1978 561 nomnium.
2291 495 2419 560 121

327 672 818 770 geometrica,
844 674 1048 747 illam
1081 697 1240 747 esse
1275 674 1455 750 dicit
1488 701 1641 773 qua
1664 685 2193 774 comparantur
2214 698 2426 774 mag-
2498 701 2800 744 unrocus

329 787 720 860 ‚titudine-3
787 787 1180 861 secundum
1246 788 1749 884 differentiam
1776 817 1805 874 ,·
1867 802 1942 864 et
1999 790 2078 863 id
2129 789 2429 886 quidem
2504 854 2515 870 .
2612 782 2702 823 ¹¹¹·
2770 851 2791 872 ,

329 912 591 984 recte;
644 900 864 990 hanc,
892 900 1280 974 secundum
1312 926 1532 998 quam
1568 928 1715 977 una
1750 913 1865 977 est
1896 901 2215 977 alterius
2247 927 2427 1000 quo-

340 1013 564 1111 tupla
598 1013 724 1086 vel
744 1013 1175 1112 quantupla.

447 1125 548 1200 B.
604 1126 809 1201 Quid
835 1137 947 1199 est
973 1124 1155 1200 illud
1190 1128 1676 1225 quantuplum
1706 1129 1732 1202 Ρ
1836 1129 2183 1204 Latinum
2217 1138 2422 1202 certe

337 1262 496 1311 non
530 1249 668 1313 est.

447 1351 519 1423 Α
525 1407 544 1424 .
599 1366 808 1440 ἀπορία
849 1365 1036 1437 λόγων
1068 1359 1177 1436 βήε
1220 1353 1691 1447 proverbium
1743 1354 2192 1444 Graecorum,
2229 1353 2429 1451 quod

346 1465 609 1537 Latine
665 1475 880 1538 sonat
936 1462 1056 1536 cui
1106 1462 1337 1536 Izaeret
1391 1466 1637 1539 oratio
1692 1468 1936 1557 tussit,
1973 1491 2230 1541 verum
2265 1480 2424 1553 est;

353 1578 473 1652 sed
510 1592 591 1652 et
634 1602 891 1652 verum
952 1590 1066 1651 est
1118 1602 1264 1667 eos,
1300 1580 1427 1676 qui
1487 1579 1797 1655 dicendo
1851 1582 2196 1680 progredi
2250 1583 2428 1656 alias

352 1695 712 1782 nesciunt,
772 1715 1070 1766 necesse
1140 1693 1534 1790 aliquando
1603 1696 1874 1768 habere
1943 1720 2140 1770 nova
2209 1697 2432 1770 verba

354 1808 618 1880 cudere
656 1830 822 1903 quae
855 1804 1042 1878 nihil
1077 1805 1499 1902 significant
1552 1831 1702 1881 non
1735 1808 1900 1904 plus
1934 1832 2152 1904 quam
2185 1808 2428 1882 tussis,

355 1921 543 1995 Nam
596 1945 768 1995 cum
830 1921 1132 1994 deberet
1189 1921 1433 1995 dicere
1491 1921 1856 1995 rationem
1907 1922 2432 2018 geometricam

355 2059 504 2107 esse
564 2044 772 2123 tunc,
801 2057 970 2107 cum
1022 2058 1173 2108 una
1225 2035 1600 2130 quantitas
1659 2045 1868 2108 tanta
1926 2046 2039 2107 est
2095 2044 2434 2130 respectu

352 2148 680 2237 alteriuS,
730 2147 1342 2244 quemadmodum
1394 2148 1727 2245 superius
1789 2147 2073 2221 dictum
2132 2158 2270 2236 est,
2307 2148 2429 2220 et*

350 2263 699 2359 ignorans
733 2273 1071 2335 naturam
1104 2261 1211 2334 rei
1234 2261 1418 2335 dixit
1440 2285 1597 2335 esse
1618 2273 1822 2352 tunc,
1848 2285 2018 2335 cum
2037 2284 2187 2334 una
2208 2284 2432 2356 quan·

350 2378 525 2450 titas
557 2386 673 2448 est
710 2375 1113 2471 quantupla
1145 2374 1466 2448 alterius.

446 2490 546 2564 B.
603 2489 766 2562 Imo
829 2511 1029 2579 vere,
1090 2512 1241 2562 non
1302 2489 1675 2586 ignorans,
1723 2488 1852 2561 sed
1898 2486 2155 2562 nolens
2199 2485 2434 2560 videri

353 2604 659 2677 edoctus
694 2603 786 2674 ab
825 2601 1144 2691 Hobbio,
1179 2603 1383 2696 (nam
1432 2603 1496 2675 is
1549 2603 1757 2676 illum
1813 2602 1956 2675 hoc
2016 2600 2429 2694 docuerat),

353 2717 586 2790 voluit
636 2715 898 2789 saltem
954 2715 1169 2789 aliter
1221 2716 1446 2813 loqui,
1471 2727 1558 2790 ut
1610 2714 1985 2789 videretur
2017 2714 2427 2788 dissentire.

357 2829 803 2904 Infaeliciter.

450 2943 549 3016 A.
606 2941 831 3016 Paulo
888 2952 1077 3038 post,
1148 2941 1404 3015 eadem
1458 2943 1793 3040 exemplo
1861 2942 2257 3030 illustram,
2316 2964 2433 3013 se-

355 3056 612 3145 eundo,
639 3054 906 3152 inquit,
940 3056 1256 3152 qua-sito
1290 3057 1569 3152 sati-fit
1596 3056 1718 3129 ubi
1742 3054 2154 3129 ostenditur
2178 3064 2433 3152 quotu·

342 3170 556 3269 plum
607 3169 711 3240 sit
755 3168 890 3240 hoc
939 3168 1050 3241 ad
1099 3168 1309 3258 illud,
1367 3170 1630 3262 (voluit
1683 3169 1925 3242 dicere
1977 3168 2111 3241 hoc
2159 3166 2430 3260 illius),

355 3284 625 3355 omissa
655 3305 836 3354 voce
872 3281 1299 3380 quantupla.
1403 3283 1514 3356 Ex
1543 3308 1688 3380 quo
1724 3282 2162 3379 intelligitur
2204 3280 2432 3354 ratio-

355 3420 525 3469 nem
584 3394 940 3467 diametri
994 3395 1090 3468 ad
1145 3394 1352 3469 latus
1411 3398 1939 3493 geometricam
2022 3419 2172 3468 non
2248 3419 2432 3486 esse,

356 3533 523 3583 cum
559 3509 800 3582 altera
833 3507 1132 3583 alterius
1168 3509 1457 3606 totupla
1494 3533 1654 3584 esse
1686 3534 1839 3583 non
1864 3510 2121 3607 possit.
2176 3509 2435 3606 Itaque

355 3623 615 3695 melius
650 3622 1026 3717 aliquanto
1052 3623 1371 3714 fecisset,
1394 3624 1457 3696 si
1484 3625 1907 3699 retinuisset
1933 3621 2433 3721 quantuplum.

452 3734 545 3806 B.
604 3734 994 3809 Quomodo
1047 3737 1361 3809 vertitur
1417 3737 1728 3833 Anglice
1791 3732 2264 3833 quantuplum
2319 3735 2436 3808 vel

359 3848 766 3946 tantuplum
791 3852 834 3921 2

456 3960 553 4034 A.
607 3960 947 4035 Viderint
981 3961 1294 4035 lectores
1328 3963 1575 4060 Angli.
1657 3961 1804 4037 Sed
1837 3960 2230 4058 lega—In
2248 3984 2439 4058 pos-

357 4075 641 4166 teriori,
665 4074 761 4147 de
782 4073 1078 4148 ratione
1101 4075 1257 4150 sive
1276 4076 1771 4175 proportione
1804 4076 2188 4174 quoeritur,
2223 4072 2441 4165 diffe-

359 4188 602 4261 rentia
660 4186 962 4261 interim
1011 4188 1302 4262 minime
1355 4185 2213 4263 considerata-Quid?
2348 4185 2439 4258 In

1117 4427 1152 4461 ¹*
1200 4425 1298 4486 Sic
1324 4426 1481 4485 Edit.
1521 4430 1690 4487 1668.
