3094 5125
794 488 1438 541 MATHEMA‘ncAE
1478 488 1957 539 nomnRNAE.
2329 475 2421 539 65

402 653 740 729 Decima
794 671 1015 732 sexta
1061 668 1223 741 est;
1286 656 1421 729 hoc
1474 681 1642 729 vero
1691 665 2047 754 punctum
2099 664 2422 729 centrum
2497 681 2798 723 out-ocus

310 768 588 841 circuli
626 770 1077 868 appellatur
1098 798 1126 853 ;
1180 770 1256 843 id
1292 782 1425 860 est,
1461 783 1816 867 punctum
1853 767 2050 865 quod
2089 768 2165 840 in
2198 792 2422 864 gene·
2503 834 2510 844 ,
2607 763 2670 802 ¹¹·
2774 830 2789 847 ,

320 882 616 955 ratione
673 884 940 957 circuli
991 884 1439 981 quiescebat.
1543 883 1848 957 Decima
1901 882 2210 978 septima
2260 883 2420 956 haec

320 1010 489 1079 est3
542 997 911 1069 diameter
944 1008 1189 1070 autem
1223 996 1491 1070 circuli
1523 1005 1639 1069 est
1678 1005 1881 1068 recta
1913 994 2246 1093 quaedam
2266 1020 2421 1093 per

324 1117 667 1182 centrum
701 1108 947 1198 ducta,
984 1120 1058 1182 et
1092 1135 1187 1183 ex
1214 1119 1532 1207 utraque
1551 1118 1786 1206 parte
1822 1109 1897 1181 in
1919 1107 2190 1181 circuli
2208 1109 2422 1207 peri-

312 1220 611 1316 pheria
669 1222 1095 1314 terminata,
1160 1249 1314 1320 quoe
1373 1222 1728 1296 circulum
1787 1222 2143 1320 bifariam
2185 1232 2417 1297 secat.

333 1333 430 1406 In
466 1358 617 1430 qua
642 1335 826 1408 nihil
854 1347 967 1408 est
999 1361 1146 1409 non
1172 1350 1622 1424 accuratum,
1655 1336 1794 1409 nisi
1822 1335 2021 1432 quod
2053 1350 2422 1432 postrema

329 1447 589 1535 verba,
654 1473 823 1547 quoe
888 1448 1243 1522 circulum
1309 1448 1664 1545 bifariam
1729 1459 1958 1538 secat,
2020 1448 2418 1524 abundent.

308 1557 692 1634 ¹{Definitio
761 1562 958 1634 enim
1026 1562 1365 1634 diametri
1431 1561 1766 1634 absoluta
1832 1573 1991 1634 erat
2059 1562 2216 1636 sine
2275 1563 2418 1636 illis

335 1674 630 1759 verbis;
682 1699 852 1771 quae
900 1675 1095 1747 inter
1142 1676 1531 1763 axiomata,
1581 1673 1697 1746 vel
1749 1675 1996 1770 potius
2047 1674 2241 1749 inter
2291 1676 2416 1750 de.-

339 1799 754 1860 monstrata
786 1789 1266 1876 theoremata,
1300 1786 1642 1885 ponenda
1676 1802 1910 1861 erant.

438 1901 926 1977 Definitiones
979 1914 1264 1975 caeterae
1309 1924 1540 1997 usque
1586 1899 1683 1973 ad
1729 1900 2173 1974 tricesimam
2209 1902 2418 1996 quin-

338 2028 520 2103 tam,
534 2038 702 2110 quae
728 2015 1090 2088 Elementi
1117 2016 1334 2112 primi
1359 2027 1734 2111 postrema
1758 2026 1893 2104 est,
1922 2025 2006 2086 ut
2032 2014 2419 2104 faciUimae‚

336 2126 444 2199 ita
497 2129 723 2201 etiam
787 2130 1356 2202 accuratissimae
1409 2143 1604 2202 sunt.
1730 2128 1898 2224 Ipsa
1946 2141 2193 2201 autem
2254 2152 2422 2224 pos-

336 2253 581 2314 trema
623 2240 782 2314 haec
827 2251 943 2315 est
1003 2269 1021 2312 ι
1036 2241 1439 2339 paralleloe
1478 2250 1651 2315 sunt
1695 2239 1907 2313 lineoe
1959 2249 2204 2331 νει-ιω,
2257 2266 2422 2339 quoe

330 2377 496 2425 cum
548 2354 627 2426 in
680 2354 928 2427 eodem
976 2354 1131 2427 sint
1164 2354 1421 2453 plana,
1472 2364 1546 2427 et
1589 2379 1684 2428 ex
1728 2364 2044 2451 utraque
2074 2363 2311 2451 parte
2345 2354 2422 2427 in

333 2466 697 2561 infinitum
729 2467 1270 2565 producantur,
1323 2468 1401 2541 in
1445 2476 1777 2541 neutram
1823 2466 1972 2539 sibi
2016 2476 2260 2539 mutuo
2309 2467 2419 2540 in-

329 2579 616 2654 cidunt.

433 2694 539 2766 B.
598 2692 802 2768 Quid
833 2695 909 2767 in
944 2694 1084 2768 hac
1132 2693 1559 2767 definitione
1593 2693 2065 2791 reprehendis
2095 2694 2120 2764 Ρ

436 2808 540 2880 A.
593 2808 1113 2881 Definitionem
1183 2809 1375 2881 hanc
1439 2806 1952 2903 parallelarum
2021 2816 2412 2897 rectarum,

335 2920 542 3017 quod
574 2922 848 2994 attinet
881 2921 977 2994 ad
1011 2946 1245 3011 usum,
1298 2921 1477 2995 satis
1518 2922 1788 2994 bonam
1822 2944 1978 2993 esse
2014 2944 2164 2992 non
2198 2944 2414 3016 nege.

338 3034 488 3108 Sed
544 3034 891 3130 quoniam
952 3034 1478 3131 parallelismus
1531 3033 1794 3122 omniS,
1847 3045 2000 3105 tam
2048 3046 2415 3106 rectarum

336 3172 563 3244 quam
611 3172 1022 3238 curvarum,
1077 3163 1230 3222 tam
1290 3148 1648 3221 linearum
1711 3171 1934 3243 quam
1994 3147 2413 3243 superficie-

337 3286 529 3351 rum,
559 3261 888 3357 ejusdem
916 3275 1029 3335 est
1063 3273 1372 3350 naturae,
1401 3274 1478 3332 et
1498 3284 1647 3332 una
1674 3259 2100 3331 definitione
2126 3260 2415 3332 univer-

337 3377 471 3449 sali
528 3375 1243 3471 comprehensibilis:
1307 3375 1579 3447 rectius
1629 3373 1935 3446 fortasse
1987 3372 2303 3462 fecisset,
2353 3374 2417 3446 si

323 3488 728 3586 „parallelas
810 3489 1237 3586 simpliciter
1306 3487 1698 3560 definisset.
1849 3487 2213 3559 Praeterea
2279 3488 2418 3561 nisi

337 3627 562 3678 causa
603 3601 848 3698 aliqua
893 3603 972 3674 in
1019 3601 1444 3674 definitione
1489 3598 2000 3697 parallelarum
2052 3611 2416 3672 rectarum

331 3727 714 3814 appareat,
755 3739 982 3812 quare
1028 3715 1193 3788 duae
1241 3726 1465 3788 rectae
1510 3736 1886 3807 nunquam
1948 3726 2416 3801 concurrant,

338 3828 741 3903 absurdum
779 3853 928 3902 non
976 3829 1117 3901 erit
1166 3828 1227 3900 si
1285 3825 1705 3923 hujusmodi
1752 3825 1979 3898 lineas
2037 3826 2415 3921 possibiles

328 3966 497 4016 esse
533 3941 1066 4037 negaverimus.

442 4055 539 4129 B.
594 4054 839 4128 Defini
873 4077 1048 4149 ergo
1083 4051 1509 4149 simpliciter
1542 4051 1949 4147 parallelas.

435 4170 534 4242 A.
587 4170 789 4242 Dnae
809 4167 1023 4240 lineae
1045 4190 1500 4264 quoecunque,
1522 4165 1676 4237 sive
1701 4173 1926 4236 rectoe
1950 4163 2106 4236 sive
2137 4184 2414 4243 curvae,-

340 4283 508 4357 item
542 4282 715 4356 duae
748 4280 1203 4378 superficie&
1226 4276 1482 4376 planae
1513 4275 1631 4350 vel
1658 4302 1798 4350 non
1837 4277 2121 4375 planae,
2145 4272 2416 4369 paral-

332 4395 496 4471 lelae
526 4405 727 4481 sunt,
765 4394 843 4466 in
877 4418 1054 4490 quas
1089 4392 1495 4466 incidente-s·
1530 4391 1741 4464 Zineae
1773 4386 2414 4484 rectoefacientes-

531 4531 729 4585 vol..
769 4529 882 4581 lv.
2175 4521 2219 4571 F
