3094 5125
756 507 1402 560 MATHEMATICAE
1444 508 1932 561 nonmRNAE.
2266 489 2403 569 137

298 663 872 767 significandam
929 675 1289 748 rationem
1347 674 1551 770 dupli
1611 675 1707 747 ad
1761 673 2126 771 simplum.
2232 674 2403 747 Non
2486 702 2784 743 nunocus

297 786 548 881 itaque
584 811 854 860 verum
896 801 1034 871 est,
1063 788 1260 884 quod
1296 812 1385 860 ea
1417 789 1654 861 utitur
1686 801 2044 884 perpetuo
2082 788 2156 860 in
2188 810 2407 861 sensu
2489 852 2499 868 .
2606 783 2685 822 Ν·
2760 851 2775 868 ,

296 897 553 972 altero.
659 900 1052 990 Praeterea,
1081 902 1241 974 fieri
1276 912 1519 997 potest
1556 915 1638 975 ut
1664 901 2008 974 Euclides
2042 926 2188 975 non
2227 901 2406 974 satis

297 1010 451 1106 ipse
496 1014 978 1108 perspexerit
1023 1013 1327 1087 rationis
1382 1025 1767 1088 naturam:
1819 1015 1970 1088 imo
2017 1039 2192 1088 vero
2244 1015 2407 1087 fieri

297 1124 509 1197 aliter
584 1150 747 1199 non
818 1139 1089 1222 potest,
1160 1153 1330 1201 cnm
1400 1128 1767 1203 definierit
1844 1130 2203 1203 rationem
2271 1152 2406 1225 per

297 1243 423 1297 ποιὰ
451 1241 688 1318 σχέσις.

396 1345 677 1442 Capite
702 1343 927 1433 xxxi„
943 1345 1070 1417 ubi
1099 1356 1370 1419 tractat
1387 1346 1982 1441 Progressionem
2006 1345 2407 1420 Geometri-

302 1482 485 1548 cam,
540 1457 890 1554 regulam
941 1459 1154 1531 affert
1211 1458 1654 1554 generalem,
1719 1482 1866 1554 qua
1923 1460 2404 1533 terminorum

303 1573 645 1645 omnium
679 1571 1055 1643 invenitur
1088 1596 1395 1660 summa,
1424 1572 1772 1644 nimirum
1792 1572 1984 1644 hanc
2015 1571 2225 1645 2-Si
2250 1582 2407 1645 ter-

305 1686 542 1758 minus
584 1684 892 1757 ultimus
918 1710 1067 1782 per
1101 1710 1533 1758 commanem
1571 1687 1934 1758 rationem
1966 1684 2407 1783 multiplice·

308 1811 450 1889 tur,
476 1800 648 1872 sive
684 1798 876 1896 quod
912 1800 1336 1872 tantundem
1370 1809 1509 1890 est,
1531 1799 1990 1897 progressio
2017 1824 2162 1896 per
2194 1824 2407 1871 anum

309 1912 552 1986 adhue
595 1912 929 2010 gradum
977 1911 1459 2002 continuetur,
1498 1923 1724 2009 atque
1778 1911 1951 1984 inde
2009 1910 2408 2009 afferatur

312 2027 682 2099 terminus
704 2025 1024 2124 primus,
1062 2035 1136 2098 et
1170 2026 1367 2122 qaod
1393 2034 1639 2098 restat
1660 2047 1810 2121 per
1846 2048 2215 2097 numeram
2248 2024 2410 2097 ani-

312 2148 468 2212 tate
500 2138 863 2212 minorem
891 2162 1112 2235 quam
1140 2148 1253 2211 est
1285 2137 1673 2211 communis
1709 2137 1935 2225 ratic,
1973 2135 2358 2210 dividatur
2376 2165 2407 2219 ,-

299 2251 646 2348 prodibit
702 2252 1279 2349 progressioni-s·
1337 2250 2013 2325 summm—Quam
2073 2250 2409 2346 regulam

317 2366 670 2462 deinceps
708 2364 1383 2440 demonstraturum
1411 2387 1488 2437 se
1536 2389 1696 2439 esse
1731 2364 1933 2438 dicit.
2037 2364 2126 2437 Id
2159 2374 2407 2438 autem

319 2479 516 2576 quod
573 2478 920 2576 deinceps
975 2479 1267 2576 legitur,
1307 2478 1837 2553 demonstratio
1884 2503 2032 2551 non
2090 2489 2224 2567 est,
2277 2477 2409 2552 sed

318 2593 672 2668 indicatio
727 2592 927 2689 quod
976 2594 1082 2667 ita
1130 2594 1500 2690 contingit
1556 2617 1712 2667 esse
1766 2594 1844 2666 in
1898 2593 2408 2689 progressione

321 2731 794 2781 numerorum
829 2707 1058 2803 ipsius
1099 2708 1404 2781 arbitrio
1441 2719 1921 2803 sumptorum.
2026 2707 2310 2801 Neque,
2345 2708 2409 2779 si

322 2820 398 2892 in
430 2821 946 2918 progressione
982 2821 1181 2893 omni
1216 2844 1691 2893 numerorum
1725 2831 1857 2894 tuo
1902 2844 2161 2893 meove
2213 2819 2407 2892 arbi-

323 2934 463 3007 trio
509 2948 974 3030 sumptorum
1023 2934 1218 3007 idem
1260 2934 1749 3030 contingeret,
1797 2958 1948 3007 non
1996 2945 2245 3005 tamen
2282 2932 2406 3005 de-

323 3048 756 3121 monstratio
803 3058 1044 3131 esset;
1099 3059 1260 3120 tum
1306 3049 1481 3143 quia
1538 3072 1760 3121 causa
1805 3048 2206 3121 accidentis
2255 3071 2407 3121 non

323 3173 647 3257 apparet,
671 3173 829 3233 tum
856 3161 1079 3233 etiam
1107 3162 1279 3257 quia
1303 3160 1635 3234 inductio
1663 3160 2239 3257 particularium,
2267 3161 2410 3234 nisi

325 3296 628 3347 numero
657 3274 1134 3363 infinitorum,
1159 3275 1490 3371 regulam
1516 3299 1664 3348 non
1691 3274 1870 3347 facit
1901 3274 2406 3349 universalem.

416 3389 518 3461 B.
573 3387 815 3462 Verba
901 3389 1057 3483 ejus
1123 3389 1307 3477 haec,
1378 3387 1670 3487 regalae
1730 3388 2410 3461 demonstrationem

327 3500 676 3599 deinceps
744 3526 1210 3599 exponemus,
1282 3526 1432 3575 non
1501 3512 1841 3599 spectant
1907 3502 2003 3575 ad
2064 3501 2143 3574 id
2213 3502 2414 3597 quod

327 3615 677 3711 sequitur,
741 3614 1112 3703 nimirum,
1164 3616 1235 3687 si
1303 3616 1379 3688 in
1433 3616 1970 3714 progressione
2026 3614 2411 3710 adjuncta,

328 3743 490 3815 etc„
552 3728 683 3801 sed
743 3727 838 3799 ad
906 3726 984 3799 id
1039 3727 1239 3823 quod
1297 3727 1616 3800 habetur
1675 3729 1935 3824 Capite
1992 3727 2243 3800 xxxiii.
2316 3726 2415 3801 ad

327 3864 711 3914 numerum
736 3849 860 3929 68,
890 3841 1016 3936 qui
1051 3841 1332 3937 incipit,
1360 3840 1431 3912 ei
1466 3842 1822 3914 terminus
1853 3841 2237 3928 maximus,
2267 3851 2408 3913 etc.

427 3953 521 4027 A.
577 3955 776 4049 Ergo
832 3978 1088 4026 vocem
1149 3954 1351 4027 illam
1407 3954 1784 4051 deinceps,
1841 3956 2057 4029 toties
2114 3954 2411 4048 ubique,

326 4067 734 4162 praesertim
812 4066 889 4138 in
975 4066 1179 4140 libris
1261 4068 1806 4153 mathematicis
1876 4079 2415 4154 occurrentem,

331 4180 625 4252 criticus
660 4179 1221 4253 mathematicus
1269 4181 1531 4254 doctor
1577 4180 1698 4253 ille
1744 4205 1894 4254 non
1927 4178 2309 4254 intellexit.

430 4291 528 4365 B.
583 4291 922 4365 Fortasse
970 4295 1299 4389 regulam
1348 4307 1597 4367 tamen
1640 4318 1859 4389 quam
1895 4294 2013 4367 hic
2049 4292 2415 4388 exposuit,

333 4405 479 4483 illic
517 4407 1074 4481 demonstrabit.
