3094 5125
720 462 817 530 88
1148 478 1683 531 ΕΧΑΜῙΝΑΤῙΟ
1724 479 1827 531 m·
1863 478 2352 531 ΕΜΕΝΒΑἮΟ

344 670 643 714 mamona
716 647 1096 719 materiam
1132 646 1497 742 colloquio
1546 654 1804 720 nostro
1858 645 2411 719 subministrare
2459 651 2795 740 possunt,

348 752 634 857 ,ξ’-θ
717 759 1176 833 discutienda
1208 759 1550 855 deligam,
1586 783 1680 832 ne
1726 782 1815 833 ea
1849 782 2011 854 quae
2056 758 2452 832 utilitatem
2489 756 2794 844 nullam,

716 873 1125 947 molestiam
1194 873 1493 947 nimiam
1579 874 1793 947 nobis
1876 872 2190 947 allatura
2260 885 2459 957 sunt,
2528 870 2794 968 saepius

712 996 1147 1084 repetamus,

1257 1542 1757 1617 DIALOGUS
1808 1541 2258 1615 TERTIUS.

815 1885 913 1960 Β.
966 1884 1313 1982 Legistin’
1349 1885 1633 1982 reliqua
1664 1884 2147 1958 arithmeticae
2181 1882 2682 1959 Wallisianae?

811 2000 911 2074 A.
965 2000 1102 2074 Ita.

815 2114 912 2188 B.
967 2113 1283 2188 Plenane
1351 2112 1697 2185 videntur
1757 2109 1917 2195 tibi,
1996 2108 2186 2182 sicut
2251 2109 2787 2199 antecedentia,

710 2225 1131 2302 erroribus?

810 2341 909 2415 A.
964 2340 1291 2413 Minime.
1380 2338 1570 2411 Sunt
1615 2336 1812 2410 enim
1860 2335 2209 2432 pleraque
2260 2359 2353 2409 ex
2410 2337 2502 2410 iis
2557 2338 2786 2411 arith-

707 2454 996 2527 meticae
1030 2452 1233 2525 libris
1269 2451 1679 2546 desumpta,
1711 2448 1838 2547 qui
1862 2450 2108 2545 pueris
2134 2448 2505 2523 ediscendi
2532 2451 2787 2548 scripti

709 2581 927 2651 sunt;
981 2576 1250 2640 caetera
1283 2578 1412 2637 aut
1453 2561 1870 2660 Ougthredi
1915 2574 2109 2651 sunt,
2136 2576 2266 2637 aut
2321 2565 2646 2638 maxima
2698 2589 2785 2639 ex

705 2692 917 2776 parte
951 2680 1157 2754 falsa.
2163 2671 2170 2680 ’

811 2792 908 2867 Β.
964 2793 1111 2867 Sed
1148 2816 1310 2889 quae
1347 2793 1437 2865 ab
1481 2790 1642 2864 aliis
1687 2789 1970 2880 habuit,
2021 2789 2176 2886 ipse
2229 2789 2425 2864 solus
2481 2791 2784 2867 demon-

708 2908 991 2981 stravit.

808 3019 905 3093 A.
962 3020 1221 3116 Neque
1246 3019 1386 3092 hoc
1422 3018 1747 3116 quidem.
1823 3019 2097 3093 Verum
2130 3018 2291 3091 haec
2318 3017 2511 3090 inter
2534 3016 2784 3114 legen-

708 3132 881 3205 dum
910 3133 1533 3206 considerabimus
1562 3133 1998 3206 accuratius.
2070 3133 2157 3205 In
2187 3131 2444 3228 Capite
2471 3130 2784 3221 decim0,

705 3246 1290 3326 numerationem
1323 3245 1400 3318 in
1437 3245 1631 3318 notis
1676 3245 2169 3318 numeralibus
2205 3244 2628 3340 vulgaribus
2665 3268 2785 3317 ex·

705 3357 954 3454 plicat,
1011 3371 1084 3433 et
1130 3361 1482 3456 cujusque
1528 3371 1727 3433 notae
1778 3371 1937 3433 tum
1986 3359 2388 3456 proprium,
2432 3369 2593 3431 tum
2638 3358 2781 3432 loci

705 3472 1049 3564 valorem,
1085 3484 1237 3547 tam
1277 3474 1356 3547 in
1389 3473 1869 3548 fractionibus
1914 3472 2388 3546 decimalibus
2433 3496 2656 3568 quam
2707 3473 2782 3545 in

705 3585 1033 3682 integris,
1083 3585 1427 3682 exponit;
1480 3586 1973 3682 ostenditque,
2009 3586 2199 3659 sicut
2231 3609 2277 3658 a
2326 3584 2492 3658 loco
2540 3585 2784 3658 unita-

707 3715 855 3779 tum
891 3705 987 3778 ad
1028 3705 1192 3778 loca
1235 3705 1731 3801 praecedentia
1773 3705 2195 3802 proceditur
2242 3727 2377 3800 per
2437 3703 2780 3801 decupla-

706 3818 1005 3904 tionem‚
1042 3817 1146 3891 ita
1178 3841 1223 3890 a
1254 3817 1418 3891 loco
1465 3818 1724 3891 eodem
1761 3817 1854 3891 ad
1898 3817 2063 3891 loca
2114 3816 2496 3913 sequentia
2529 3840 2780 3912 proce-

705 3933 905 4006 ditur
985 3955 1118 4027 per
1184 3930 1926 4027 subdecuplationem.
2080 3931 2411 4006 Quarum
2481 3928 2782 4025 quidem

702 4070 952 4120 rerum
1014 4044 1538 4117 demonstratio
1593 4068 1743 4118 non
1795 4056 1926 4130 est,
1982 4044 2110 4117 sed
2159 4043 2587 4117 constitutio
2638 4044 2784 4118 fuit

702 4158 1114 4233 arbitraria.
1191 4156 1599 4253 Explicatio
1636 4170 1880 4230 autem
1909 4168 1984 4231 et
2017 4157 2256 4230 brevis
2292 4168 2368 4230 et
2391 4156 2785 4253 perspicua

702 4287 780 4346 et
813 4286 1159 4346 accurata
1189 4296 1235 4345 a
1268 4271 1617 4368 magistro
1654 4272 2112 4368 expectanda
2146 4280 2325 4344 erat.
2408 4269 2506 4343 Et
2538 4270 2778 4364 primo

701 4386 898 4481 quod
932 4387 1028 4460 ad
1062 4385 1643 4461 numerationem
1688 4386 2029 4484 periodos
2084 4383 2450 4472 adhibeat,
2484 4382 2779 4480 period-
