3094 5125
694 457 828 522 136
1117 472 1655 523 EXAMINATIO
1697 472 1798 524 ΕΤ
1836 472 2330 523 ΕΜΕΝΒΑΤῘΟ

297 662 597 704 DIALOGUS
683 664 893 736 quam
930 663 1084 736 per
1125 657 1180 714 4-
1223 637 1652 711 additioni-5.
1757 637 2109 735 Adeoque
2144 661 2308 732 quae
2354 659 2445 709 ex
2480 629 2763 747 ”ii‘et'g‘

312 744 597 848 ᾧ
683 755 1149 851 componitur
1193 756 1407 845 ratio,
1447 753 1835 827 scribenda
1869 766 1982 828 est
2011 749 2277 866 -g-x—g-,
2329 776 2481 825 non
2523 761 2780 824 autem

694 868 760 969 2—
785 887 836 945 4-
865 867 920 983 f,-
950 926 966 943 .

779 990 880 1061 B.
936 989 1150 1062 Certe
1183 1012 1329 1060 non
1368 987 1557 1060 male
1604 987 1823 1061 scribi
1858 988 2080 1061 credo
2105 989 2170 1061 A
2198 988 2292 1061 ad
2320 1022 2358 1058 α
2402 995 2457 1052 ÷
2493 987 2555 1060 B
2581 986 2679 1059 ad
2701 996 2772 1075 β,

680 1126 815 1198 pro
852 1101 1381 1197 compositione
1416 1101 1785 1175 rationum
1811 1102 1879 1174 A
1913 1102 2008 1174 ad
2034 1137 2074 1173 α
2103 1112 2179 1175 et
2206 1102 2266 1174 B
2289 1101 2384 1174 ad
2407 1109 2453 1184 β
2477 1133 2496 1186 ;
2540 1125 2777 1197 quan-

687 1238 904 1309 quam
940 1239 1073 1309 pro
1110 1214 1717 1310 multiplicatione
1763 1214 2207 1287 fractionum
2257 1213 2445 1288 male
2497 1215 2775 1288 scribe-

681 1339 886 1400 retur
917 1323 1198 1440 -2--1-733'3
1236 1339 1310 1401 et
1351 1341 1553 1400 recte
1589 1323 1854 1438 -ζ-κᾟὲ

783 1445 880 1516 Α.
937 1444 1052 1516 Ita
1101 1468 1301 1534 sane,
1356 1445 1415 1517 si
1457 1445 1679 1518 modo
1723 1468 1855 1541 per
1890 1443 2223 1540 symbola
2258 1444 2580 1517 scribere
2617 1468 2773 1517 om-

681 1557 859 1629 nino
921 1559 1416 1631 necessarium
1477 1571 1690 1632 esset.
1798 1557 2019 1632 Quod
2087 1557 2340 1631 addit:
2419 1556 2774 1655 Adeoque

684 1679 844 1742 tota
879 1668 1020 1742 itta
1053 1670 1145 1741 de
1149 1669 1628 1765 fractionum
1661 1669 2274 1767 multiplicatione
2299 1680 2374 1742 et
2411 1670 2773 1743 divisione

683 1782 1051 1856 tradenda
1093 1782 1464 1875 doctrina,
1523 1787 1619 1858 de
1671 1783 2040 1857 rationum
2099 1784 2645 1857 continuatione
2697 1794 2772 1856 et

684 1895 1178 1968 imminutione
1234 1897 1535 1989 pariter
1573 1896 2064 1994 intelligenda
2115 1897 2261 1969 erit
2284 1925 2313 1982 ;
2364 1907 2535 1969 sunt
2583 1898 2771 1970 enim

683 2009 1066 2106 ipsissima
1102 2011 1360 2083 eadem
1394 2034 1520 2083 res
1541 2039 1570 2083 .·
1621 2011 2005 2106 promissio
2038 2021 2149 2083 est
2178 2010 2458 2107 Capitis
2479 2010 2655 2100 xlm,
2681 2011 2774 2084 de

680 2122 1119 2196 fractionum
1159 2135 1230 2196 et
1267 2124 1639 2196 rationum
1694 2123 2126 2212 rationibuS,
2161 2124 2253 2196 ab
2291 2122 2504 2196 initio
2541 2147 2773 2220 usque

682 2233 778 2307 ad
811 2237 1033 2308 finem
1066 2236 1590 2310 absurdissimi.
1692 2236 2000 2324 Deinde,
2049 2261 2188 2308 non
2245 2236 2456 2324 idem,
2505 2236 2770 2332 inquit,

680 2358 899 2421 sonat
932 2349 1133 2420 ratio
1193 2348 1613 2447 duplicata,
1664 2349 2087 2447 triplicata,
2123 2363 2289 2438 etc.,
2327 2349 2524 2445 quod
2568 2349 2770 2422 ratio

683 2460 946 2556 tripla,
1002 2461 1263 2558 dupla,
1312 2473 1451 2535 etc.
1559 2463 1691 2536 Est
1751 2463 1828 2535 in
1888 2484 2095 2551 sono,
2152 2461 2415 2548 fateor,
2471 2462 2770 2558 aliquod

682 2574 1098 2663 discrimen,
1123 2586 1205 2647 ut
1239 2574 1433 2648 inter
1459 2576 1853 2673 dissyllaba
1888 2587 1963 2649 et
1999 2575 2583 2672 quadrisyllaba;
2639 2577 2768 2650 sed

680 2702 928 2761 tamen
966 2688 1158 2761 idem
1196 2689 1635 2784 significant.
1714 2691 1906 2763 Nam
1942 2689 2289 2787 quicquid
2325 2689 2766 2786 duplicatur,

680 2802 765 2874 fit
802 2826 946 2874 non
992 2801 1235 2875 minus
1272 2803 1576 2899 duplum
1613 2826 1835 2899 quam
1872 2801 2326 2898 duplicatum
2356 2835 2375 2886 ;
2429 2815 2506 2875 et
2567 2804 2769 2898 quod

683 2914 1259 3010 subduplicatur,
1322 2917 1652 3012 (ignosce
1711 2915 2044 3011 loquenti
2099 2938 2249 2987 non
2304 2915 2621 3003 Latine),
2684 2918 2767 2989 fit

680 3051 827 3099 non
864 3028 1102 3101 minus
1150 3029 1533 3102 dimidium
1570 3053 1788 3126 quam
1834 3027 2446 3124 subduplicatum.
2550 3028 2651 3102 Et
2683 3042 2770 3102 ut

681 3142 867 3214 ratio
909 3152 931 3214 l
977 3142 1073 3215 ad
1107 3154 1150 3216 4
1191 3157 1304 3216 est
1339 3143 1710 3239 duplicata
1744 3141 2049 3214 rationis
2093 3151 2121 3215 l
2166 3142 2262 3215 ad
2289 3152 2360 3231 2,
2388 3143 2494 3215 ita
2543 3143 2767 3216 etiam

682 3253 904 3350 dupla
969 3268 1104 3342 est,
1173 3281 1435 3352 nempe
1508 3257 1699 3329 ratio
1769 3254 2102 3328 defectus
2172 3255 2547 3352 duplicata
2613 3257 2764 3330 sive

682 3366 925 3463 dupla.

784 3481 878 3554 B.
934 3482 1241 3554 Memini
1291 3482 1451 3555 haec
1512 3482 1767 3555 eadem
1822 3481 2080 3556 eodem
2132 3482 2351 3557 modo
2401 3483 2767 3578 explicata

678 3617 833 3665 esse
888 3594 965 3666 in
1025 3594 1404 3690 colloquiis
1460 3594 1983 3691 superioribuS,
2025 3608 2102 3669 et
2154 3620 2329 3670 vera
2378 3620 2537 3670 esse
2584 3598 2761 3670 satis

677 3707 938 3780 sentio.

778 3822 877 3893 A.
931 3821 1151 3896 Quod
1187 3823 1655 3919 autemyatio
1690 3821 1957 3895 iterata
1988 3846 2140 3895 non
2191 3822 2416 3919 dupla
2449 3822 2764 3896 dicenda

679 3934 774 4007 sit
808 3935 936 4007 sed
982 3934 1373 4030 duplicata,
1435 3937 1952 4010 confirmatum
2006 3949 2221 4032 putat
2279 3936 2371 4009 ab
2429 3937 2760 4026 Euclide,

677 4050 802 4144 qui
856 4059 1209 4143 perpetuo
1265 4049 1498 4122 utitur
1553 4049 1697 4121 hoc
1758 4073 1977 4122 sensu
2041 4051 2344 4123 vocibus
2395 4061 2758 4139 διπλασίονα,

672 4180 1054 4249 τριπλασίονα,
1090 4176 1259 4245 etc„
1295 4186 1442 4234 non
1480 4175 1698 4246 δι’πλυν,
1722 4182 1972 4250 τρίπλυν,
2010 4187 2246 4260 neque
2302 4174 2610 4243 διπλάσιον,
2654 4199 2759 4251 τρι·

674 4290 937 4351 »ammom
989 4275 1119 4347 sed
1153 4275 1301 4347 vim
1347 4275 1623 4347 nullam
1657 4276 1922 4359 habet;
1976 4301 2146 4349 nam
2180 4277 2410 4350 utitur
2444 4288 2759 4346 διπλασίονι

673 4387 747 4459 in
792 4413 998 4484 prop.
1036 4389 1166 4462 ult.
1197 4390 1424 4462 Elem.
1458 4389 1583 4479 ix.,
1620 4403 1695 4462 et
1727 4389 1800 4461 in
1839 4413 2044 4485 prop.
2077 4399 2198 4477 20,
2225 4390 2457 4463 Elem.
2496 4388 2626 4479 iii.,
2662 4387 2757 4462 ad
