3094 5125
299 669 600 711 mALOGus

441 750 482 790 1.

687 462 783 526 40
1121 473 1660 526 ΕΧΑΜῙΝΑΤῙΟ
1701 474 1804 526 ΕΤ
1841 473 2334 525 ΕΜΕΝυΑτῐο

687 640 1005 715 Abunde
1060 664 1237 737 ergo
1289 641 1581 730 suffieit,
1618 640 1678 713 si
1714 640 1790 713 in
1825 639 2227 713 Elementis
2260 639 2588 712 Euclidis
2622 662 2774 711 non

687 755 938 829 omnia
986 755 1446 828 theoremata
1498 753 2095 828 demonstrentur
2129 751 2777 828 demonstrationi-

684 870 824 943 bus
856 893 947 944 rozi
975 883 1145 954 διότις
1195 868 1272 942 id
1307 880 1445 958 est,
1498 869 1767 942 sufficit
1810 869 1872 941 si
1917 868 2063 942 alia
2105 870 2263 965 ejus
2316 867 2778 940 theoremata

688 981 1006 1056 sciamus
1060 1004 1218 1055 esse
1252 1005 1449 1072 vera,
1485 982 1630 1056 alia
1674 1007 1770 1057 an
1803 1006 1978 1056 vera
2010 981 2157 1056 sint
2190 1003 2446 1070 necne,
2498 980 2779 1052 nescia-

688 1119 876 1169 mus.
990 1094 1109 1167 An
1170 1096 1596 1190 geometriae
1653 1094 2025 1192 professor
2082 1093 2393 1168 idoneus
2454 1103 2592 1181 est,
2652 1090 2779 1187 qui

690 1231 953 1304 neque,
988 1218 1075 1280 ut
1108 1218 1282 1280 ante
1318 1206 1797 1299 ostendimuS,
1833 1208 1975 1281 scit
2028 1232 2194 1305 quae
2230 1207 2379 1281 sint
2410 1204 2608 1278 illius
2642 1203 2781 1276 sci-

690 1321 910 1396 entiae
942 1319 1328 1417 principia,
1364 1344 1630 1417 neque,
1682 1333 1768 1395 ut
1826 1332 2135 1419 apparet
2179 1321 2322 1393 hoe
2374 1320 2568 1407 loco,
2603 1317 2780 1414 quid

692 1436 787 1508 sit
839 1434 1375 1522 demonstrare,
1429 1434 1509 1509 id
1569 1446 1704 1524 est,
1741 1434 1919 1530 quid
1973 1435 2068 1507 sit
2110 1432 2377 1506 docere
2396 1437 2441 1506 9
2545 1433 2780 1505 Miror

693 1547 820 1643 qui
842 1546 1122 1619 factum
1156 1545 1275 1634 sit,
1298 1557 1383 1618 ut
1417 1546 1847 1621 cathedram
1880 1557 2143 1620 nactus
2179 1547 2277 1619 sit
2311 1545 2777 1619 Savilianam.

792 1661 891 1733 B.
948 1659 1309 1748 Fortasse,
1348 1659 1546 1756 quod
1581 1660 1658 1733 in
1684 1659 2218 1758 professoribus
2252 1658 2394 1732 illis
2423 1657 2781 1755 eligendis

690 1772 1091 1872 plurimum
1116 1773 1495 1869 potuerint
1515 1774 1866 1870 suffragia
1889 1772 2296 1862 hominum,
2322 1795 2472 1845 non
2499 1771 2782 1845 mathe-

695 1885 1155 1973 maticorum,
1193 1884 1326 1958 sed
1361 1885 1898 1983 theologorum.

796 2002 895 2075 A.
953 2001 1205 2076 Quid?
1264 2001 1687 2097 Theologiae
1714 1999 2057 2075 doctores
2091 2024 2336 2074 nonne
2374 1997 2786 2071 didicerant

693 2115 1010 2211 logicam
1042 2114 1066 2186 ἓ
1171 2115 1365 2187 Nam
1402 2138 1687 2187 errores
1734 2115 1812 2187 hi
1848 2138 1997 2187 non
2034 2115 2372 2188 oriuntur
2411 2136 2458 2184 a
2491 2110 2788 2184 defectu

693 2228 1143 2325 geometriae,
1173 2225 1302 2299 sed
1330 2226 1613 2322 logicae.
1710 2226 1927 2301 Unde
1954 2241 2202 2301 autem
2231 2225 2787 2300 commendatus

696 2354 809 2414 est
842 2338 1211 2435 theologis
1240 2338 1265 2409 ἓ

791 2454 895 2526 B.
949 2452 1169 2525 Nosti
1230 2475 1376 2548 quo
1443 2463 1774 2549 tempore
1835 2454 2265 2550 eligebatur,
2338 2450 2652 2524 multum
2711 2451 2789 2524 in

694 2567 992 2639 civitate
1028 2577 1284 2638 nostra
1316 2566 1647 2661 potuisse
1695 2591 1845 2657 eOS,
1894 2569 2021 2665 qui
2057 2566 2383 2641 ecclesiae
2431 2565 2787 2661 regimen,

696 2679 773 2753 in
834 2678 1086 2767 sacriS,
1148 2680 1611 2777 presbyterio
1672 2680 2247 2778 adjudicabant;
2301 2682 2509 2775 cujus
2566 2692 2790 2752 sectae

696 2805 809 2867 est
874 2790 1275 2866 Wallisius.
1391 2794 1756 2867 Praeterea
1829 2792 2410 2867 commendatior
2475 2790 2790 2864 fortasse

698 2916 856 2979 erat
891 2917 1195 3003 propter
1230 2917 1465 2979 artem
1501 2908 2006 3004 symbolicam.

796 3017 895 3091 Α.
950 3017 1211 3117 Igitur
1269 3028 1352 3092 ut
1409 3044 1564 3092 rem
1624 3013 1850 3094 totaeim
1903 3020 2309 3094 dilucidius
2366 3018 2790 3116 expediam,

699 3140 858 3204 tre-s·
892 3133 1329 3229 proesertim
1366 3134 2069 3206 demonstrationum
2112 3131 2794 3205 mathematicorum

697 3244 852 3316 sive
876 3243 1146 3333 modos,
1174 3245 1327 3317 sive
1340 3246 1667 3343 graduS,
1694 3247 1846 3318 Sive
1863 3246 2147 3344 species
2171 3255 2449 3319 statuo.
2536 3244 2794 3317 Prima

702 3356 986 3451 quidem
1019 3368 1132 3429 est
1168 3356 1307 3429 illa
1337 3359 1892 3448 demonstratio,
1928 3385 2080 3457 quoe
2107 3385 2254 3457 per
2289 3358 2795 3432 deductionem

702 3470 811 3542 ad
851 3468 1255 3542 absurdum
1309 3495 1437 3543 seu
1484 3472 1938 3568 impossibile
1970 3472 2614 3571 procedit—Scis
2668 3470 2792 3544 de-

700 3581 1160 3654 monstrandi
1181 3606 1414 3678 genus
1436 3584 1577 3658 hoc
1599 3585 1761 3658 loeo
1791 3584 1936 3658 dici
1960 3585 2229 3659 ducere
2250 3585 2346 3659 ad
2367 3585 2790 3674 absurdum,

703 3694 876 3790 quia
903 3694 1112 3767 ducit
1138 3695 1235 3768 ad
1260 3698 1913 3771 contradictoriam
1939 3699 2458 3795 propositionis
2486 3699 2793 3794 alicujus

702 3820 876 3882 ante
904 3806 1427 3884 demonstratae
1449 3813 1816 3887 ostensive
1841 3839 1859 3897 ;
1914 3825 1990 3886 et
2020 3814 2315 3909 quidem
2338 3837 2473 3909 per
2495 3812 2793 3887 demon-

704 3921 1134 3996 strationem
1173 3941 1269 3993 ron·
1298 3935 1447 3996 διότι.

801 4033 896 4108 Β.
953 4034 1168 4117 Scio;
1222 4046 1299 4108 et
1332 4036 1642 4132 proinde
1692 4038 2072 4113 theorema
2117 4040 2420 4131 nullum,
2470 4040 2671 4135 quod
2704 4065 2794 4113 ex

701 4147 1081 4243 principiis
1121 4149 1545 4222 immediate
1595 4150 2169 4243 demonstratur,
2209 4154 2796 4228 demonstratum

706 4259 851 4334 diei
888 4275 1132 4357 potest
1166 4285 1299 4356 per
1334 4262 1842 4337 deductionem
1877 4266 1986 4339 ad
2013 4265 2436 4341 absurdum.

807 4374 903 4446 A.
960 4376 1109 4449 Qui
1139 4375 1753 4450 demonstraverit
1784 4380 2362 4476 propositionem
2399 4405 2797 4477 quamcun-
