3094 5125
678 428 823 495 482
1497 445 1606 497 nn
1644 444 1944 499 Munus

293 634 623 678 APPBNDIX.
677 621 927 682 autem
982 611 1230 686 malim
1281 612 1551 703 dicere,
1587 626 1674 688 ut
1734 625 1885 688 tres
1942 613 2269 688 rationes
2320 611 2636 685 minoris
2696 611 2807 685 ad

677 724 936 819 majus,
972 724 1071 798 ad
1104 725 1286 799 duas
1321 726 1644 801 rationes
1677 728 1983 801 minoris
2025 728 2205 800 item
2241 726 2338 799 ad
2371 727 2644 822 majus,

779 836 1129 934 Sequitur
1152 850 1438 936 quarte,
1466 851 1745 914 rectam
1774 841 1878 913 Βδ
1903 865 2061 914 esse
2095 840 2192 914 ad
2218 840 2361 914 DX
2390 851 2478 912 ut
2506 849 2554 911 5
2579 838 2687 912 ad
2717 848 2794 913 2.

679 948 867 1023 Cum
902 952 1099 1025 enim
1138 954 1579 1049 quadratum
1614 980 1660 1028 a
1694 955 1791 1033 Βδ
1832 955 1927 1028 sit
1961 954 2059 1028 ad
2092 953 2539 1051 quadratum
2571 977 2621 1025 a
2648 952 2796 1025 DC

675 1075 761 1136 ut
794 1071 892 1137 40
927 1065 1024 1139 ad
1068 1074 1179 1156 16,
1224 1066 1304 1140 id
1354 1078 1466 1141 est
1509 1079 1593 1141 ut
1644 1077 1687 1140 5
1724 1067 1820 1141 ad
1855 1077 1926 1158 2,
1976 1079 2055 1142 et
2105 1079 2189 1141 ut
2249 1065 2710 1162 quadratum
2744 1090 2796 1140 a

679 1176 777 1250 Βδ
821 1177 918 1250 ad
953 1179 1395 1273 quadratum
1430 1204 1476 1253 a
1507 1180 1662 1271 DC,
1691 1181 1797 1254 ita
1829 1180 1991 1277 ipsa
2023 1181 2120 1253 Βδ
2170 1180 2375 1276 (quia
2409 1177 2795 1275 quadrata

677 1304 850 1363 sunt
884 1291 963 1364 in
996 1292 1372 1390 duplicata
1430 1295 1717 1369 ratione
1763 1295 2107 1387 laterum)
2148 1294 2246 1367 ad
2278 1293 2446 1383 DX,
2483 1293 2635 1366 erit
2675 1292 2794 1372 Ba

676 1402 774 1476 ad
807 1404 951 1477 DX
987 1416 1071 1480 ut
1108 1415 1150 1480 5
1188 1407 1284 1480 ad
1319 1417 1410 1492 2;
1465 1419 1542 1481 et
1601 1407 2043 1504 quadratum
2090 1430 2136 1481 a
2171 1407 2278 1484 Βδ
2310 1405 2407 1479 ad
2453 1405 2792 1501 quadra-

677 1528 839 1589 tum
874 1543 921 1592 a
953 1518 1088 1592 DF
1121 1529 1207 1594 ut
1241 1529 1336 1594 25
1373 1520 1469 1594 ad
1504 1519 1620 1610 2ὲ,
1657 1521 1735 1594 id
1768 1532 1881 1594 est
1913 1533 1997 1593 ut
2043 1527 2132 1596 10
2162 1519 2260 1593 ad
2304 1528 2331 1592 l
2366 1549 2385 1603 ;
2420 1531 2499 1591 et
2535 1519 2791 1615 ipsam

681 1630 789 1708 Βδ
821 1631 917 1707 ad
960 1633 1089 1706 DF
1136 1645 1223 1707 ut
1266 1631 1315 1707 l.
1364 1642 1453 1708 10
1481 1633 1842 1731 quadrata
1880 1633 1979 1707 ad
2015 1633 2066 1706 l.
2114 1640 2225 1706 1²⁸².
2328 1634 2576 1728 Atque
2601 1632 2789 1706 hac·

676 1756 895 1820 tenus
949 1746 1243 1843 quidem
1290 1747 1553 1820 calculi
1603 1747 2098 1844 geometricus
2138 1759 2217 1821 et
2261 1746 2791 1821 arithmeticus

680 1860 1153 1934 consentiunt
1189 1861 1381 1934 inter
1416 1884 1494 1934 se
1530 1874 1606 1935 et
1634 1886 1802 1934 cum
1838 1860 2166 1933 Euclide.

781 1972 972 2045 Sunt
1026 1986 1273 2046 autem
1321 1986 1544 2048 rectae
1597 1973 1719 2048 Dh
1771 1974 1921 2048 sive
1970 1972 2150 2064 DM,
2199 1970 2373 2061 DX,
2429 1969 2568 2044 DF
2619 1972 2792 2047 sive

678 2083 848 2172 DV,
878 2086 1225 2160 continue
1252 2086 1860 2184 proportionaleS,
1889 2098 2195 2182 propter
2230 2084 2789 2159 semicirculum

679 2197 938 2272 MXV.
1019 2199 1269 2274 Quare
1304 2200 1525 2273 etiam
1562 2199 1962 2273 earundem
1998 2197 2361 2294 quadrata
2385 2209 2557 2272 sunt
2593 2221 2787 2270 con-

680 2313 886 2386 tinue
932 2312 1534 2408 proportionalia.
1640 2312 1870 2407 Atqui
1903 2312 1965 2384 si
2013 2311 2466 2385 reducantur
2499 2310 2598 2383 ad
2631 2335 2786 2385 nu-

680 2448 948 2515 meroS,
984 2425 1273 2497 numeri
1324 2425 1432 2498 illi
1464 2425 2052 2521 proportionales
2087 2448 2235 2498 non
2293 2434 2533 2497 erunt.
2635 2425 2787 2500 Est

682 2538 878 2611 enim
908 2536 1352 2635 quadratum
1373 2561 1418 2610 a
1443 2537 1561 2610 Dh
1595 2536 2053 2636 lO,quorum
2079 2536 2517 2634 quadratum
2545 2561 2595 2610 a
2617 2534 2781 2613 DX

679 2661 794 2723 est
829 2647 972 2740 6-}-,
1010 2661 1084 2722 et
1132 2649 1572 2745 quadratum
1616 2676 1664 2724 a
1696 2650 1828 2724 DF
1866 2660 1936 2723 4.
2071 2650 2221 2725 Qui
2268 2649 2555 2723 numeri
2616 2674 2783 2728 non

678 2773 850 2835 sunt
883 2763 1494 2859 proportionales,
1558 2764 2037 2838 Reducantur
2075 2765 2270 2837 enim
2306 2763 2405 2837 ad
2426 2788 2784 2840 numeros

678 2875 1030 2971 integrm,
1079 2876 1278 2972 quod
1332 2878 1461 2950 fiet
1514 2877 2072 2974 multiplicando
2130 2877 2456 2974 singulos
2510 2901 2645 2974 per
2703 2890 2778 2954 5.

678 2989 887 3062 Facti
942 3003 1192 3064 autem
1253 3004 1471 3064 erunt
1523 3000 1644 3078 50,
1683 3001 1802 3079 32,
1838 3000 1960 3081 20,
2007 2992 2131 3088 qui
2183 2992 2780 3090 proportionales

678 3126 831 3175 non
891 3115 1114 3192 sunt„
1191 3105 1382 3178 Sunt
1433 3105 1630 3177 enim
1679 3113 1800 3194 50,
1838 3114 1959 3193 32,
1989 3102 2179 3196 20-Ξ3-
2214 3106 2562 3178 continue
2598 3130 2779 3202 pro-

677 3215 1169 3311 portionales;
1249 3242 1562 3314 quorum
1639 3218 1984 3291 minimus
2062 3230 2174 3291 est
2245 3220 2449 3315 justo
2510 3220 2773 3315 major.

680 3328 1046 3402 Continue
1100 3331 1275 3403 item
1338 3332 1924 3427 proportionales
1983 3342 2158 3405 sunt
2216 3330 2374 3422 DC,
2412 3330 2552 3421 Db,
2591 3330 2771 3422 DX,

680 3443 943 3539 quibus
977 3444 1426 3540 respondent
1457 3446 1747 3518 numeri
1785 3454 1896 3533 16,
1934 3453 2047 3536 10,
2086 3441 2246 3536 6-ζς
2302 3445 2427 3540 qui
2460 3469 2773 3542 propor-

680 3558 991 3631 tionales
1022 3580 1176 3631 non
1211 3569 1403 3631 sunt.
1508 3558 1703 3632 Nam
1749 3558 2037 3632 reducti
2080 3556 2177 3630 ad
2224 3558 2552 3655 integros
2584 3559 2774 3633 fient

680 3679 804 3762 80,
842 3680 962 3762 50,
1001 3679 1093 3745 32
1127 3702 1146 3755 ς
1201 3671 1326 3766 qui
1359 3670 1942 3768 proportionales
1970 3694 2120 3744 non
2155 3682 2350 3743 sunt.
2459 3671 2772 3767 Propor-

679 3784 989 3858 tionales
1048 3784 1245 3857 enim
1290 3796 1463 3857 sunt
1515 3791 1635 3874 80,
1675 3792 1795 3874 50,
1834 3784 1998 3872 31ὲ,
2055 3806 2368 3878 quorum
2423 3783 2769 3858 minimus

681 3909 795 3970 est
820 3898 1024 3993 justo
1059 3898 1323 3972 minor.

782 4011 999 4084 Unde
1031 4023 1281 4084 autem
1314 4009 1642 4084 nascitur
1665 4011 1825 4084 haec
1854 4011 2278 4108 geometriae
2313 4021 2389 4084 et
2423 4010 2771 4085 arithme-

677 4122 848 4196 ticae
899 4123 1305 4199 dissentio?
1410 4123 1525 4196 Ab
1562 4148 1650 4197 eo
1685 4125 1881 4221 quod
1930 4125 2379 4200 subtendens
2414 4127 2769 4223 trianguli

679 4239 1089 4335 rectanguli
1154 4264 1307 4313 non
1358 4261 1645 4336 semper
1703 4251 1949 4335 potest
2001 4240 2231 4313 latera
2284 4239 2432 4314 duo
2493 4241 2768 4336 angulo

1319 4478 1353 4511 ⁴*
1389 4476 1487 4535 Sic
1516 4476 1652 4534 edit.
1693 4476 1847 4531 1666
1876 4485 1935 4532 et
1972 4477 2138 4532 1668.
