3094 5125
623 465 768 531 390
891 477 1002 529 nn
1041 475 1499 529 ancn’ns
1540 476 1643 529 m·
1680 476 2407 530 RAwlocmAnoNE:

617 645 801 720 nihil
835 646 1030 742 quod
1080 646 1177 719 sit
1208 645 1495 734 falsum,
1528 668 1786 718 verum
1819 644 2042 719 etiam
2076 645 2271 719 nihil·
2295 641 2522 741 quod
2564 654 2753 716 tan-

618 770 777 832 tum
804 759 1180 855 probabile
1209 758 1481 847 existit,
1505 757 1689 830 nihil
1717 757 2031 854 denique
2052 757 2489 847 admittant,
2519 754 2753 853 quod

620 873 1039 946 certissimis
1076 870 1818 945 demonstrationibus
1853 894 2002 944 non
2040 871 2580 944 confirmant.''

722 987 1007 1060 Quibus
1041 986 1282 1059 verbis
1324 984 1528 1081 (quia
1559 981 1823 1072 sciens,
1857 1007 2009 1058 non
2041 983 2360 1057 scientia
2392 983 2753 1057 demon-

621 1099 837 1193 strat)
914 1123 1063 1173 non
1130 1110 1364 1172 artem
1429 1098 1689 1194 ipsam,
1760 1097 1890 1170 sed
1954 1096 2347 1193 magistros
2416 1095 2747 1169 laudat.

624 1211 1010 1285 Certitudo
1045 1211 1514 1285 scientiarum
1552 1210 1879 1284 omnium
1912 1211 2215 1307 aequalis
2252 1221 2385 1301 est,
2419 1208 2750 1306 alioqui

621 1325 817 1398 enim
852 1324 1176 1398 scientiae
1212 1348 1357 1398 non
1386 1334 1673 1397 essent:
1728 1348 1894 1397 cum
1929 1323 2129 1396 scire
2161 1348 2312 1399 non
2346 1322 2751 1419 suscipiat

621 1436 854 1532 magis
889 1448 964 1510 et
1012 1438 1276 1509 minus.
1378 1434 1710 1531 Physica,
1746 1435 2008 1525 ethica,
2044 1435 2369 1531 politica,
2405 1436 2468 1508 si
2521 1436 2747 1508 bene

623 1550 1140 1623 demonstratae
1175 1561 1439 1639 essent,
1475 1572 1627 1621 non
1661 1549 1903 1621 minus
1937 1560 2160 1622 certae
2202 1559 2444 1621 essent
2478 1571 2745 1645 quam

620 1662 1108 1760 pronunciata
1140 1661 1700 1735 mathematica:
1755 1661 1947 1735 sicut
1992 1685 2130 1735 nec
2177 1661 2743 1734 mathematica

623 1776 945 1850 scientiis
979 1774 1139 1848 aliis
1166 1775 1434 1849 certior
1459 1786 1675 1865 esset,
1701 1775 1845 1848 nisi
1877 1784 2079 1849 recte
2109 1773 2738 1848 demonstraren-

621 1899 745 1961 tur
779 1912 868 1961 ea
901 1911 1065 1984 quae
1099 1888 1554 1984 pronuntiat.

723 2001 984 2096 Itaque
1018 2025 1150 2097 per
1181 2001 1374 2074 hanc
1410 2000 1796 2096 epistolam
1828 2000 1969 2073 hoc
2003 2023 2169 2096 ago,
2195 2010 2282 2073 ut
2315 2000 2735 2073 ostendam

623 2115 760 2188 tibi
794 2139 944 2187 non
981 2114 1338 2187 minorem
1364 2137 1520 2188 esse
1550 2113 1934 2187 dubitandi
1971 2138 2264 2187 causam
2294 2114 2372 2188 in
2405 2113 2728 2211 scriptis

623 2227 1331 2317 mathematicorum,
1395 2250 1616 2323 quam
1692 2226 1770 2300 in
1850 2227 2141 2324 scriptis
2205 2227 2725 2324 physicorum,

625 2340 1061 2428 ethicorum,
1097 2352 1240 2412 etc.

723 2453 1006 2525 Omitto
1064 2450 1257 2523 inter
1311 2461 1724 2546 geometras
1780 2450 2263 2525 dissentiones
2318 2462 2393 2524 et
2443 2466 2723 2528 mutua

624 2566 967 2654 convitia,
1006 2588 1167 2660 quae
1204 2565 1492 2659 signum
1522 2564 2007 2640 certissimum
2043 2566 2481 2664 ignorantiae
2502 2578 2716 2641 sunt.

626 2678 795 2775 Ipsa
853 2677 1245 2773 aggredior
1298 2678 1681 2776 principia,
1731 2692 1807 2752 et
1865 2681 2237 2754 interdum
2293 2681 2516 2755 etiam
2575 2681 2716 2755 de-

624 2791 1208 2866 monstrationes.
1308 2790 1476 2864 Sive
1511 2792 1706 2865 enim
1745 2794 2108 2891 principia
2139 2794 2324 2868 falsa
2356 2796 2525 2883 sint,
2548 2794 2714 2868 sive

624 2905 854 2980 illatio
912 2905 1323 2978 necessaria
1369 2930 1519 2980 non
1581 2907 1699 2996 sit,
1746 2908 2273 2982 demonstratio
2320 2908 2520 2981 nulla
2566 2918 2710 2981 est.

625 3020 765 3093 Pro
787 3019 1179 3114 geometris
1203 3031 1450 3093 autem
1474 3020 1808 3095 omnibus
1829 3023 2267 3118 oppugnabo
2293 3020 2709 3108 Euclidem,

627 3133 752 3228 qui
788 3133 1115 3206 omnium
1148 3146 1686 3229 geometrarum
1721 3136 2070 3232 magister
2103 3135 2588 3224 existimatur,
2624 3145 2710 3207 et

626 3246 1102 3341 interpretem
1138 3247 1295 3341 ejus
1330 3247 1655 3321 omnium
1692 3249 2052 3344 optimum
2089 3247 2446 3321 Clavium.

727 3357 984 3455 Itaque
1018 3358 1255 3456 primo
1289 3359 1453 3434 loco
1488 3361 1918 3434 examinabo
1951 3360 2277 3434 Euclidis
2302 3360 2701 3456 principia:

628 3472 975 3561 secundo,
1012 3496 1100 3544 ea
1133 3497 1296 3568 quae
1329 3473 1707 3570 principiis
1743 3473 1884 3547 illis
1917 3473 2312 3546 innitentia
2354 3473 2704 3545 videntur

627 3584 806 3658 mihi
853 3607 1009 3658 esse
1067 3583 1270 3675 falsa,
1309 3588 1461 3660 sive
1517 3610 1606 3659 ea
1652 3586 1798 3659 sint
1847 3586 2197 3671 Euclidis,
2247 3586 2398 3658 sive
2447 3584 2703 3673 Clavii‚

628 3699 778 3772 sive
815 3700 1313 3795 cujuscunque
1347 3710 1771 3795 geometrae,
1819 3701 1945 3796 qui
1979 3699 2354 3796 principiis
2389 3700 2532 3772 illis
2583 3698 2703 3771 vel

628 3811 785 3886 aliis
817 3810 1018 3885 falsis
1053 3811 1167 3885 usi
1202 3825 1374 3884 sunt
1404 3840 1421 3882 ε
1474 3824 1697 3907 atque
1731 3811 1835 3886 ita
1884 3814 2345 3909 oppugnabO,
2378 3822 2464 3886 ut
2497 3811 2703 3885 meli-

629 3945 759 3996 ora
825 3924 1116 4019 rejectis
1185 3922 1647 4013 substituam,
1711 3948 1807 3998 ne
1866 3935 2100 4000 artem
2164 3925 2396 4021 ipsam
2448 3924 2702 3997 videar

627 4032 1068 4111 labefactare
1102 4036 1311 4112 velle.
