3094 5125
997 529 1362 586 cnnA‘rlo
1404 528 1793 582 spumam:
2286 512 2440 589 499,

450 692 721 768 Coroll.
751 720 820 768 v.
875 694 1155 769 Eadem
1191 696 1304 768 Ae
1338 695 1640 790 aequalis
1688 705 1802 767 est
1836 691 2120 767 duabus
2157 694 2434 791 quintis
2496 717 2666 759 rnor-
2698 716 2830 760 vm.

342 832 558 883 arcus
592 806 740 883 ΒΟ.
848 807 1043 882 Nam
1079 809 1441 908 quadrata
1474 833 1521 882 a
1546 807 1664 897 Gi,
1695 807 1854 893 Ac,
1880 808 2013 896 Ae,
2041 820 2216 881 sunt
2243 803 2313 899 ξ,
2342 805 2432 900 ἐξ,

344 934 421 997 et
447 922 548 1016 -ὲ,
656 923 904 997 Quare
938 922 1133 996 latus
1172 922 1286 995 Ae
1320 934 1435 995 est
1478 919 1543 1012 δὲ
1565 944 1779 994 arcus
1815 919 1964 995 ΒΟ.

445 1035 875 1108 Notandum
898 1037 1099 1134 quod
1118 1049 1343 1110 rectae
1366 1035 1484 1124 Gi,
1510 1033 1670 1125 ΑΟ,
1693 1034 1809 1108 Ae
1827 1032 2221 1131 dupliciter
2241 1035 2435 1108 aesti-

344 1161 685 1222 mantur:
733 1173 883 1222 uno
930 1150 1152 1223 modo
1202 1173 1339 1248 per
1386 1161 1635 1246 partes
1686 1172 1902 1223 arcus
1939 1146 2088 1234 ΒΟ,
2123 1148 2267 1222 alio
2303 1172 2436 1246 per

343 1275 595 1361 partes
630 1263 818 1336 radii
854 1261 1011 1338 AC.

1057 1574 1562 1627 PRoPoslTlo
1602 1576 1723 1628 IX.

356 1793 362 1799 ,
451 1714 537 1789 Si
575 1740 624 1787 a
656 1723 942 1813 puncto
985 1738 1036 1787 n
1074 1715 1396 1789 ducatur
1441 1724 1657 1789 recta
1697 1740 1825 1789 nm
1847 1715 2251 1814 parallela
2286 1717 2436 1805 CG,

346 1853 610 1902 secans
645 1827 774 1900 AC
809 1826 885 1900 in
921 1851 1038 1900 m:
1094 1827 1262 1901 dico
1289 1838 1575 1925 septem
1608 1838 1855 1902 recta-s·
1891 1827 2048 1917 AC,
2075 1829 2250 1919 AY,
2281 1829 2435 1920 AZ,

350 1942 497 2032 Ah,
528 1940 665 2029 Ae,
689 1939 860 2028 Am,
892 1938 1040 2028 Ak,
1069 1964 1231 2012 esse
1255 1940 1590 2014 continue
1599 1941 2234 2040 proportionale-5.
2426 2005 2429 2009 .

452 2057 644 2128 Cum
678 2052 876 2126 enim
912 2050 1069 2141 ΑΟ,
1094 2051 1255 2142 AY,
1281 2052 1409 2124 AZ
1445 2053 1594 2127 sint
1635 2055 1984 2128 continue
2024 2057 2442 2151 proportio-

349 2168 574 2257 naleS,
603 2191 736 2265 per
762 2165 1423 2240 constructionem:
1462 2180 1978 2266 ostensumque
2006 2170 2103 2242 sit
2126 2170 2276 2258 AZ,
2300 2169 2438 2259 Ah,

350 2282 461 2378 Ae
525 2305 685 2354 esse
748 2280 1100 2354 continue
1164 2283 1785 2378 proportionales:
1852 2283 2113 2380 positis
2182 2284 2440 2357 ordine

351 2395 885 2492 quantitatibus
919 2393 1075 2481 Ac,
1102 2392 1277 2482 AY,
1310 2394 1455 2485 AZ,
1482 2395 1625 2485 Ah,
1649 2396 1783 2485 Ae,
1811 2396 2002 2470 ratio
2033 2396 2165 2470 ΑΟ
2199 2397 2296 2470 ad
2330 2396 2441 2469 Ae

353 2509 496 2583 erit
553 2509 717 2606 (per
757 2508 964 2583 Eucl.
1003 2507 1150 2582 xiV.
1188 2508 1317 2602 28)
1376 2506 1754 2606 duplicata
1805 2510 2110 2584 rationis
2145 2510 2297 2584 AY
2347 2510 2445 2585 ad

353 2623 507 2697 Ab.
594 2621 742 2698 Sed
775 2622 965 2696 ratio
993 2621 1146 2695 AY
1174 2621 1269 2696 ad
1289 2622 1419 2696 ΑΖ
1447 2623 1962 2720 subduplicata
1987 2635 2100 2697 est
2133 2624 2442 2698 rationis

356 2736 487 2813 ΑΟ
524 2737 620 2811 ad
655 2736 809 2810 AZ.
882 2737 1132 2811 Quare
1156 2736 1347 2809 ratio
1377 2735 1529 2809 AY
1551 2738 1648 2810 ad
1673 2737 1829 2826 AZ,
1853 2738 2108 2811 eadem
2135 2749 2247 2811 est
2273 2762 2445 2811 cum

354 2851 643 2923 ratione
679 2847 809 2920 AZ
845 2848 943 2921 ad
976 2847 1098 2920 Ah
1131 2848 1249 2920 vel
1284 2847 1406 2920 Ah
1449 2848 1546 2921 ad
1581 2848 1717 2922 Ae.
1825 2851 2018 2924 Sunt
2070 2873 2246 2945 ergo
2283 2849 2440 2940 ΑΟ,

358 2962 535 3052 AY,
574 2961 729 3049 AZ,·
753 2960 894 3051 Ah,
920 2960 1036 3033 Ae
1071 2960 1418 3034 continue
1452 2962 2061 3058 proportionales,
2137 2964 2444 3052 Rursus,

354 3077 528 3174 quia
585 3074 743 3164 ΑΟ,
806 3074 952 3163 Ah,
1009 3073 1129 3147 Ale
1186 3085 1361 3148 sunt
1420 3075 1770 3149 continue
1822 3076 2445 3173 proportionales:

365 3192 568 3286 (nam
599 3188 718 3261 ΑΙι
738 3187 1034 3285 aequalis
1068 3200 1182 3261 est
1209 3187 1533 3261 dimidiae
1559 3188 1929 3285 diagonali
1952 3188 2121 3278 AG)
2150 3218 2166 3262 :
2194 3202 2269 3264 et
2290 3189 2444 3280 AZ,

360 3304 509 3394 Ah,
537 3303 655 3376 Ae
687 3313 862 3376 sunt
888 3312 1204 3375 ostensae
1240 3301 1590 3375 continue
1623 3303 2251 3399 proportionales:
2306 3303 2448 3377 erit

354 3429 440 3491 ut
480 3414 611 3491 ΑΟ
642 3415 740 3490 ad
775 3413 931 3504 AZ,
968 3416 1076 3488 ita
1106 3414 1484 3511 reciproce
1520 3414 1638 3488 Ae
1669 3414 1769 3487 ad
1803 3415 1946 3491 Alc.

464 3531 660 3606 Quia
681 3529 1000 3626 denique
1028 3539 1179 3602 tres
1203 3540 1432 3602 recta:
1453 3526 1595 3618 Ab,
1623 3526 1769 3616 An,
1803 3529 1912 3602 Al
1931 3543 2107 3603 sunt
2133 3518 2451 3626 aequales

360 3643 595 3717 tribus
618 3641 794 3730 AY,
820 3641 975 3744 AZ,
1005 3640 1127 3713 Ah
1146 3641 1495 3714 continue
1513 3643 2206 3738 proportionalibus,
2230 3645 2453 3718 etiam

362 3758 540 3854 ipsae
579 3767 753 3830 sunt
790 3755 1139 3829 continue
1173 3755 1787 3851 proportionales,

465 3869 658 3942 Sunt
711 3892 887 3963 ergo
941 3880 1224 3965 septem
1272 3879 1493 3941 rectae
1526 3867 1685 3959 ΑΟ,
1723 3870 1900 3959 AY,
1937 3870 2093 3961 AZ,
2130 3870 2273 3961 Alz,
2316 3870 2454 3962 Ae,

369 3981 531 4069 Am,
560 3980 681 4053 Alc
715 3982 1062 4055 continue
1097 3981 1705 4078 proportionales.

462 4093 875 4190 Propositio
895 4095 1057 4168 haec
1079 4095 1238 4167 sine
1260 4094 1405 4168 alia
1426 4095 2054 4168 demonstratione
2077 4096 2461 4194 perspicua

375 4219 488 4280 est
520 4208 612 4281 ab
647 4207 807 4303 ipso
844 4206 1315 4303 diagramatis
1366 4208 1665 4281 intuitu.
1769 4209 2229 4305 Impossibile
2265 4212 2462 4284 enim

367 4331 480 4394 est
513 4331 598 4393 ut
624 4331 908 4416 septem
945 4332 1167 4393 rectae
1204 4320 1553 4394 continue
1588 4323 2176 4418 proportionales
2202 4325 2347 4397 sint
2384 4325 2464 4397 in

371 4435 662 4512 ratione
700 4433 826 4508 CG
868 4433 966 4509 ad
1013 4431 1168 4524 QY,
1205 4434 1350 4510 nisi
1401 4457 1617 4510 arcus
1665 4434 1760 4509 ab
1807 4436 2291 4511 antecedente
2336 4437 2464 4512 de-

2057 4573 2113 4623 K
2145 4572 2202 4623 K
2242 4569 2271 4614 ‘2
