3094 5125
1038 516 1712 570 GnoMETRARnM.
2275 505 2413 570 431

328 680 639 778 proinde
707 680 932 754 habet
1003 681 1520 777 quantitatem.
1655 682 1826 754 Jam
1894 682 2096 778 quod
2164 683 2430 778 quaerit
2496 712 2631 752 cn.
2659 710 2813 752 xvn.

333 794 652 881 ClaviuS,
682 792 1049 889 quomodo
1076 794 1335 890 positis
1372 792 1633 867 ordine
1657 804 1730 883 4,
1760 804 1829 882 4,
1855 804 1928 882 4,
1953 796 2143 869 ratio
2169 796 2429 893 primae
2490 782 2810 900 Bm

329 907 428 982 ad
494 907 790 979 tertiam
854 906 1080 1002 dupla
1138 930 1295 980 esse
1352 918 1598 1002 potest
1657 907 1965 980 rationis
2020 908 2277 1003 primae
2333 910 2431 982 ad
2485 910 2826 1017 {ffssfflssw

332 1020 759 1109 secundam,
828 1020 1024 1093 idem
1096 1032 1213 1093 est
1267 1044 1356 1093 ac
1422 1020 1485 1093 si
1555 1021 1988 1116 quaesiisset,
2060 1022 2430 1117 quomodo

330 1134 596 1232 positis
633 1135 869 1207 tribus
904 1134 1106 1208 cifris
1142 1142 1215 1223 0,
1253 1142 1326 1221 0,
1362 1142 1435 1222 0,
1471 1135 1661 1207 ratio
1707 1135 1966 1229 primae
2000 1134 2097 1207 ad
2131 1137 2431 1210 tertiam

331 1259 580 1345 potest
645 1271 805 1321 esse
869 1247 1096 1345 dupla
1147 1247 1456 1321 rationis
1515 1249 1775 1344 primae
1831 1247 1929 1321 ad
1987 1249 2430 1323 secundam:

334 1385 505 1435 cum
538 1385 797 1436 revera
830 1372 906 1435 et
939 1362 1235 1457 proprie
1287 1362 1685 1457 loquend0,
1731 1386 1964 1435 unum
2017 1363 2203 1436 nihil
2257 1364 2434 1438 alte-

335 1475 487 1550 rius
515 1476 701 1549 nihil
735 1498 975 1572 neque
1012 1475 1317 1572 duplum
1353 1499 1591 1572 neque
1628 1476 2084 1572 duplicatum
2120 1489 2253 1550 est.

435 1589 717 1662 Rursus
754 1587 1079 1677 Clavius,
1108 1588 1206 1661 ad
1237 1589 1463 1662 finem
1497 1590 1731 1663 Elem.
1769 1590 1869 1675 ix,
1904 1603 1991 1662 ut
2022 1590 2288 1686 probet
2323 1614 2431 1663 ra·

335 1701 613 1776 tionem
657 1701 1106 1798 duplicatam
1158 1726 1311 1776 non
1365 1725 1522 1775 esse
1569 1703 1932 1777 rationem
1969 1702 2291 1800 duplam,
2327 1704 2433 1777 sic

336 1815 632 1890 scribit:
684 1815 1132 1910 “Imprimis
1176 1815 1408 1910 igitur
1461 1817 2073 1913 compositionem
2116 1840 2433 1913 propor-

337 1929 696 2017 tionum,”
741 1928 1147 2022 (vocabulis
1195 1929 1390 2001 enim
1444 1930 1639 2003 ratio
1675 1941 1753 2002 et
1784 1930 2169 2026 proportio
2218 1929 2434 2002 aliter

340 2067 561 2139 quam
581 2043 923 2116 Euclides
956 2040 1369 2138 promiscue
1399 2042 1697 2135 utitur),
1729 2046 1775 2079 “
1801 2041 1892 2115 de
1920 2066 2065 2138 qua
2090 2041 2434 2115 Euclides

337 2156 495 2253 agit
526 2155 692 2230 Def.
732 2164 844 2244 10,
880 2154 1008 2228 lib.
1046 2180 1116 2239 v,
1145 2165 1316 2239 etc„
1351 2166 1427 2227 et
1483 2155 1561 2227 in
1624 2154 2250 2251 propositionibus
2302 2155 2436 2228 du-

337 2267 714 2366 plicatam,
749 2268 1222 2366 triplicatam,
1253 2280 1330 2341 et
1364 2268 1847 2364 compositam
1881 2268 2436 2364 proportionem

338 2380 432 2456 de
494 2382 1129 2478 magnitudinibus
1177 2380 1297 2455 vel
1349 2380 1677 2454 numeris
1739 2379 2218 2471 demonstrat,
2266 2380 2434 2455 dico

337 2519 491 2572 non
527 2519 685 2569 esse
719 2518 892 2570 vere
925 2494 1382 2569 additionem
1414 2492 2000 2590 proportionum,
2037 2493 2145 2570 ita
2179 2506 2265 2569 ut
2301 2494 2440 2569 du-

339 2608 615 2705 plicata
648 2608 765 2682 vel
816 2608 1186 2704 triplicata
1221 2608 1603 2704 proportio
1657 2607 1755 2681 sit
1789 2607 2012 2704 duplo
2046 2621 2180 2682 aut
2211 2608 2434 2705 triplo

342 2721 580 2815 major
612 2743 702 2793 ea
743 2722 1224 2818 proportione
1279 2722 1488 2817 cujus
1541 2720 1671 2794 illa
1720 2721 1993 2795 dicitur
2040 2721 2435 2818 duplicata,

342 2834 847 2929 triplicatave3
899 2834 1079 2907 item
1104 2845 1190 2908 ut
1223 2835 1606 2930 proportio
1643 2858 1734 2908 ex
1766 2835 2100 2931 pluribus
2132 2859 2440 2931 propor-

344 2946 670 3021 tionibus
704 2946 1114 3042 composita
1166 2947 1263 3019 sit
1299 2970 1472 3019 vere
1508 2958 1754 3020 totum
1789 2950 2189 3045 quippiam,
2227 2951 2440 3046 cujus

342 3071 592 3157 partes
627 3069 800 3132 sunt
832 3058 1351 3155 proportiones
1387 3082 1478 3132 ex
1512 3059 1776 3154 quibus
1812 3060 2084 3134 dicitur
2139 3086 2438 3158 compo-

344 3174 509 3249 sita.
613 3174 833 3262 Nam,
872 3184 1015 3247 etc.
1120 3171 1200 3244 Si
1249 3172 1509 3267 positis
1554 3172 1670 3246 his
1718 3174 2050 3249 terminis
2086 3175 2437 3250 continue

341 3286 1040 3384 proportionalibuS,
1113 3294 1176 3359 l.
1234 3293 1348 3359 10.
1396 3293 1560 3374 100,
1620 3287 2003 3383 proportio
2069 3297 2098 3362 l
2142 3288 2240 3363 ad
2297 3296 2437 3365 100

342 3424 494 3475 non
529 3400 767 3476 solum
796 3398 1172 3496 duplicata
1197 3396 1567 3473 diceretur
1600 3400 2098 3494 proportionis
2130 3410 2159 3475 l
2194 3401 2292 3475 ad
2324 3411 2436 3491 10,

345 3513 477 3588 sed
530 3537 702 3587 vere
761 3523 955 3587 esset
1005 3510 1232 3607 duplo
1287 3510 1546 3605 major,
1600 3523 1770 3600 etc„
1824 3513 1986 3610 quis
2035 3538 2190 3588 non
2234 3515 2439 3590 videt

344 3638 632 3726 partem
665 3649 825 3701 esse
858 3626 1213 3720 majorem
1246 3634 1409 3697 toto
1435 3621 1508 3696 ‚³⁹⁹

446 3739 883 3838 Respondeo
918 3739 1157 3836 primo
1190 3761 1341 3811 non
1375 3736 1613 3810 videri
1652 3737 1835 3811 mihi
1887 3751 2090 3813 recte
2123 3739 2440 3830 illatum,

346 3878 440 3930 ex
472 3878 562 3928 eo
592 3852 794 3950 quod
831 3863 892 3926 1.
928 3861 1042 3927 10.
1074 3859 1215 3928 100
1242 3861 1413 3924 sunt
1449 3851 1798 3926 continue
1823 3852 2437 3948 proportionales,

346 3980 423 4042 et
457 3990 548 4042 ex
582 3991 674 4041 eo
710 3965 911 4064 quod
943 3966 1132 4040 ratio
1178 3975 1207 4040 1
1249 3964 1347 4039 ad
1389 3973 1478 4040 10
1512 3964 1752 4061 major
1800 3965 1899 4039 sit
1938 3965 2222 4041 ratione
2267 3976 2296 4041 1
2340 3967 2439 4042 ad

356 4090 521 4169 100,
555 4091 843 4176 partem
878 4071 1037 4153 esse'
1068 4079 1425 4176 majorem
1458 4091 1642 4152 toto.

450 4191 818 4281 Secunde,
840 4193 904 4267 si
935 4192 1166 4267 illatio
1201 4191 1532 4288 legitima
1566 4192 1686 4282 sit,
1712 4214 2011 4265 necesse
2047 4202 2180 4280 est,
2209 4215 2441 4289 quan-

349 4332 571 4406 quam
595 4305 916 4382 absurda
940 4306 1062 4396 sit,
1086 4304 1181 4380 sit
1208 4316 1456 4379 tamen
1480 4330 1681 4380 vera.
1736 4305 1932 4379 Nam
1957 4304 2115 4403 ipse
2142 4305 2438 4380 Clavius

348 4435 743 4519 utrumque
778 4420 1116 4511 affirmat,
1134 4451 1137 4454 ·
1156 4433 1295 4494 nec
1330 4419 1717 4516 quisquam
1756 4430 2004 4516 negat,
2038 4443 2326 4519 nempe,
2361 4431 2448 4494 et.
