3094 5125
385 686 531 731 CAR·
551 686 678 727 111.

386 755 671 788 κ--γϋ

363 811 431 856 Do
449 813 664 869 magnim-

360 877 463 920 dine
482 877 634 921 circuli

360 940 641 1000 Bugoniam.

755 480 904 547 450
1035 493 1142 545 DE
1181 493 1645 547 ancn’us
1685 494 1787 547 ΕΤ
1825 494 2561 547 RArlocrNAnoNE

758 662 1017 753 draca,
1049 674 1465 739 extractum
1500 689 1667 739 esse
1700 688 2071 739 numerum
2106 664 2477 737 linearum
2499 663 2758 738 s—Si
2793 691 2908 738 es

755 800 1053 850 numero
1088 777 1428 852 cuborum
1461 778 1914 851 extrahatur
1967 777 2198 852 radia·
2229 776 2515 867 cubica,
2550 788 2900 851 extrac-

755 897 905 962 tum
937 913 1305 963 numerum
1338 914 1500 964 esse
1533 889 1897 963 linearum
1919 891 2405 964 .·—Punctum
2437 913 2614 963 esse
2639 890 2891 978 nihil,

752 1011 830 1074 et
887 1001 1156 1075 lineam
1213 1001 1387 1078 duci
1430 1027 1667 1101 posse
1715 1027 1869 1099 quae
1924 1002 2201 1077 nullam
2252 1002 2525 1076 habeat
2581 1003 2886 1077 latitu-

748 1114 1013 1190 dinem.

851 1228 1002 1303 Qui
1024 1227 1600 1326 propositionem
1627 1228 1822 1302 hanc
1846 1228 2127 1326 primus
2152 1228 2509 1318 exhibuit,
2538 1228 2876 1303 demon-

749 1342 1012 1421 stravit
1063 1341 1266 1416 illam
1312 1344 1528 1438 juxta
1581 1342 2013 1418 methodum
2067 1342 2453 1417 Corollarii
2502 1342 2872 1440 proxime

748 1455 1259 1552 praecedentiS,
1312 1455 1457 1529 hoc
1499 1455 1766 1530 modo:
1819 1455 2053 1530 diviso
2089 1480 2269 1529 arcu
2320 1455 2446 1530 BG
2495 1456 2870 1530 bifariam

747 1568 827 1641 in
861 1593 926 1659 c,
962 1568 1171 1643 duxit
1205 1569 1448 1642 sinum
1480 1592 1694 1641 arcus
1732 1567 1854 1657 bc,
1905 1591 2124 1664 quem
2157 1569 2398 1641 sinum
2434 1566 2868 1664 duplicavit

747 1681 1163 1778 producens
1197 1680 1294 1755 ad
1339 1707 1401 1754 e.
1509 1680 1796 1754 Deinde
1843 1679 2142 1753 ductam
2175 1681 2300 1770 IG,
2340 1680 2584 1754 sinum
2621 1705 2863 1755 arcus

749 1795 901 1884 BG,
936 1796 1274 1869 bifariam
1314 1794 1549 1869 secuit
1580 1795 1656 1867 in
1687 1819 1749 1892 g
1781 1824 1801 1878 ς
1847 1795 2289 1890 junctasque
2324 1819 2454 1893 cg,
2488 1795 2630 1883 eG,
2667 1820 2861 1892 pro-

749 1909 1007 1983 ductas
1041 1910 1424 2007 supposuit
1456 1908 1554 1982 ad
1601 1908 1795 1981 latus
1833 1907 1964 1980 BA
1997 1908 2467 2004 productum.
2587 1909 2691 1981 Et
2723 1909 2854 1982 bi-

749 2024 1067 2097 secando
1113 2046 1366 2096 rursus
1413 2046 1669 2096 arcum
1702 2022 1840 2109 Bc,
1876 2021 2245 2118 ductoque
2300 2023 2466 2096 sinu
2510 2024 2696 2118 ejuS,
2765 2035 2855 2097 et

748 2134 982 2210 diviso
1020 2136 1125 2235 lg
1167 2137 1526 2225 bifariam,
1577 2148 1798 2231 atque
1851 2133 2112 2209 eodem
2161 2134 2383 2209 modo
2435 2136 2849 2210 bisecando

747 2248 1103 2344 quamdiu
1169 2250 1540 2346 quantitas
1616 2248 1928 2322 bisecari
2002 2257 2273 2344 potest,
2342 2249 2847 2324 concludebat

747 2373 995 2459 partes
1030 2387 1244 2436 arcus
1279 2363 1409 2437 BG
1431 2361 1762 2460 partibus
1797 2361 1998 2434 sinus
2035 2361 2137 2435 IG
2162 2362 2435 2459 ubique
2464 2386 2625 2436 esse
2660 2387 2844 2460 pro-

747 2476 1217 2574 portionales,
1322 2475 1409 2548 Id
1445 2474 1642 2573 quod
1678 2486 1754 2547 et
1786 2498 2039 2547 verum
2079 2485 2213 2564 est,
2250 2487 2325 2548 et
2359 2476 2453 2549 ab
2498 2475 2622 2549 illo
2655 2500 2843 2550 vere

744 2590 1052 2664 illatum.
1158 2590 1502 2687 Sequitur
1547 2600 1793 2661 autem
1849 2588 2043 2678 inde,
2079 2601 2285 2663 recta
2319 2590 2434 2664 Ge
2467 2590 2843 2688 producta

745 2701 842 2777 ad
879 2703 993 2776 BS
1027 2702 1106 2775 in
1140 2701 1192 2790 i,
1226 2711 1504 2774 rectam
1540 2700 1644 2773 Bi
1677 2701 2036 2798 aequalem
2072 2726 2229 2776 esse
2264 2704 2470 2776 arcui
2526 2703 2700 2789 BG;
2754 2718 2839 2779 et

743 2813 1053 2910 proinde
1086 2823 1322 2888 totam
1373 2826 1652 2887 rectam
1690 2814 1806 2887 BS
1843 2814 2198 2910 aequalem
2234 2838 2391 2889 esse
2438 2817 2642 2890 arcui
2688 2820 2838 2892 toti

848 3040 1016 3115 Hoc
1074 3053 1324 3115 autem
1373 3065 1419 3114 a
1462 3041 1679 3115 dictis
1733 3041 2265 3140 professoribus
2319 3042 2834 3140 impugnatum

756 3165 895 3244 est,
928 3154 1200 3251 partim
1235 3179 1327 3229 ex
1374 3155 1644 3228 tabulis
1697 3157 2014 3244 sinuum,
2063 3155 2551 3251 tangentium,
2587 3171 2664 3231 et
2718 3182 2829 3231 se-

747 3268 1099 3357 cantium,
1136 3268 1406 3366 partim
1442 3268 1536 3341 ab
1572 3268 2018 3341 authoritate
2052 3267 2539 3344 Archimedis.
2628 3271 2831 3345 Quo-

748 3381 948 3455 niam
982 3392 1231 3454 autem
1265 3380 1534 3454 tabulae
1579 3380 1725 3454 illae
1759 3393 2207 3456 constructae
2259 3394 2433 3457 sunt
2478 3408 2613 3481 per
2647 3385 2827 3458 mul-

749 3493 1283 3590 tiplicationem
1306 3495 1519 3568 lineae
1539 3519 1673 3591 per
1706 3503 2117 3584 numerum,
2144 3497 2352 3591 cujus
2388 3498 2821 3594 productum

747 3607 932 3680 falso
968 3616 1401 3702 computant
1454 3631 1589 3704 pro
1625 3632 1932 3682 numero
1968 3607 2539 3705 quadratorum;
2593 3624 2669 3687 et
2699 3637 2821 3708 per

749 3720 1280 3795 extractionem
1313 3721 1645 3795 radicum
1679 3747 1770 3795 ex
1802 3721 1944 3796 illis
1980 3722 2380 3819 quadratiS,
2418 3750 2601 3822 quas
2634 3727 2817 3801 radi·

749 3857 873 3908 ces
928 3834 1112 3908 falso
1161 3846 1595 3930 computant
1638 3859 1776 3931 pro
1812 3859 2118 3909 numero
2151 3836 2557 3913 linearum:
2611 3864 2815 3937 argu—

749 3960 1081 4022 mentum
1140 3958 1511 4044 sumptum
1570 3972 1662 4022 ex
1719 3947 1863 4022 illis
1929 3950 2195 4023 tabulis
2254 3951 2404 4024 vim
2463 3953 2815 4027 refutandi

748 4061 1025 4136 nullam
1059 4059 1405 4136 habent*.
1509 4062 1607 4135 Et
1639 4062 1989 4157 quoniam
2022 4062 2503 4139 Archimedes
2538 4067 2691 4162 ipse
2715 4066 2811 4139 di-

747 4177 1199 4250 mensionem
1249 4175 1505 4250 circuli
1552 4199 1760 4250 suam
1811 4176 2269 4251 demonstrat
2313 4202 2445 4274 per
2498 4179 2808 4254 radicum

1502 4443 1533 4477 ⁴*
1583 4441 1681 4501 Sic
1709 4441 1864 4499 Edit.
1905 4443 2073 4499 1668.
