3094 5125
998 490 1556 544 PROBLEMATA
1593 491 1975 545 ΡΗΥειοΑ.
2380 476 2525 554 357

543 652 637 727 B.
696 655 773 728 Si
829 666 1028 730 terra
1072 659 1309 732 omnis
1361 659 1454 731 sit
1501 657 1830 753 ejusdem
1875 659 2190 754 generiS,
2233 660 2364 733 fiet
2411 683 2521 733 re·
2608 685 2744 726 cn.
2776 686 2884 725 vu.

441 764 706 842 fractio
743 793 993 843 versus
1027 770 1725 867 perpendicularem.
1843 772 2034 845 Nam
2069 772 2292 845 etiam
2343 783 2518 845 tunc
2548 755 2886 868 &W

442 891 685 954 motus
744 884 1133 978 parallelus
1191 885 1268 958 in
1327 884 1565 981 primo
1619 885 1955 980 ingressu
2009 910 2055 958 a
2102 885 2521 958 resistentia
2542 876 2831 932 P‘nffi‘fflffi’
2864 881 2948 919 ²¹⁰·

446 993 971 1070 debilitabitur.

545 1111 644 1182 A.
699 1111 917 1184 Unde
951 1112 1035 1184 fit
1083 1122 1167 1184 ut
1198 1111 1369 1208 pila,
1393 1109 1455 1183 si
1489 1110 1566 1183 in
1600 1110 1904 1183 fluvium
1938 1111 2275 1184 mittatur
2307 1110 2520 1184 valde

442 1221 760 1319 oblique,
787 1237 1292 1323 penetretque,
1322 1224 1816 1321 repercutitur
1850 1237 2097 1297 tamen
2131 1226 2207 1297 in
2233 1225 2519 1298 aerem?

540 1333 634 1408 B.
692 1335 1012 1411 Quando
1057 1339 1208 1435 pila
1249 1338 1461 1412 valde
1514 1337 1808 1435 oblique
1861 1338 2246 1428 emittitur,
2285 1363 2518 1435 quan-

443 1472 663 1545 quam
697 1461 940 1525 motus
985 1452 1192 1525 velox
1242 1451 1358 1540 sit,
1400 1472 1734 1524 accessus
1793 1461 2041 1524 tamen
2098 1451 2193 1524 ad
2252 1475 2520 1548 aquam

443 1560 783 1637 deorsum
843 1562 1098 1637 tardus
1151 1577 1287 1637 est.
1387 1565 1485 1637 Et
1552 1587 1720 1636 cum
1781 1564 2195 1648 accesserit,
2255 1589 2514 1662 aquam

440 1686 613 1749 ante
641 1699 717 1749 se
740 1677 1049 1750 multam
1074 1677 1282 1774 pellit
1305 1676 1652 1773 cogitque
1677 1699 2060 1772 assurgere
2084 1707 2103 1760 ;
2140 1701 2305 1772 quae
2327 1702 2518 1774 aqua

439 1788 764 1883 pondere
799 1790 1097 1887 proprio
1125 1790 1372 1863 statim
1402 1789 1743 1863 deorsum
1779 1789 2052 1874 tendit;
2089 1791 2285 1864 unde
2318 1791 2405 1863 fit
2431 1803 2516 1864 ut

440 1925 631 1998 aqua
684 1903 935 1976 subter
988 1905 1221 1999 ipsam
1266 1903 1493 2000 pilam
1538 1904 1913 1991 ascendat,
1949 1903 2168 2001 idque
2214 1928 2381 1977 cum
2428 1928 2516 1978 ea

440 2013 512 2086 vi
548 2039 711 2112 quae
747 2016 923 2091 satis
970 2018 1065 2091 sit
1111 2016 1537 2091 descensum
1571 2017 1740 2113 pilae
1785 2018 1862 2090 in
1910 2041 2103 2114 aqua
2146 2041 2512 2114 superare,

439 2139 513 2200 et
550 2151 832 2202 sursum
870 2129 1163 2226 pellere,
1192 2153 1280 2203 eo
1317 2130 1535 2204 modo
1559 2154 1703 2225 quo
1738 2130 1895 2204 fieri
1930 2131 2115 2205 solet
2150 2132 2225 2204 in
2261 2132 2515 2205 reflec-

439 2241 661 2315 tione.

536 2354 634 2428 A.
691 2353 860 2429 Quo
914 2366 1121 2428 motu
1180 2355 1562 2449 (quoniam
1617 2356 1917 2428 effectus
1972 2378 2225 2429 omnes
2279 2356 2517 2430 motui

438 2467 768 2559 ascribis)
799 2467 1075 2540 sermm
1110 2467 1204 2542 ad
1238 2491 1316 2541 se
1351 2469 1576 2542 trahit
1614 2492 1912 2565 magnes
1944 2468 1968 2541 Ρ

539 2583 639 2654 Β.
692 2583 970 2655 Eodem
993 2593 1197 2656 motu
1218 2607 1436 2678 quem
1462 2583 1974 2680 supposuimus
1995 2593 2166 2657 ante
2192 2583 2268 2655 in
2289 2594 2508 2656 terra.

443 2693 884 2791 Quanquam
904 2707 1150 2768 autem
1170 2709 1415 2792 partes
1442 2697 1762 2769 minimae
1785 2709 2003 2770 terrae
2017 2719 2269 2770 omnes
2290 2697 2514 2770 talem

439 2808 759 2882 habeant
791 2820 1098 2894 motum,
1131 2832 1280 2882 non
1316 2823 1564 2884 tamen
1601 2811 2057 2907 suppositum
2106 2822 2216 2883 est
2261 2834 2511 2883 earum

439 2921 1052 3018 reciprocationes
1086 2924 1401 3017 aequales
1436 2947 1617 3012 esse,
1654 2947 1890 3020 neque
1934 2923 2191 2996 iisdem
2231 2936 2513 3020 tempo-

439 3035 641 3108 ribus
685 3034 961 3131 perfici,
1003 3058 1242 3131 neque
1287 3058 1506 3132 super
1553 3035 1740 3132 polis
1787 3034 2069 3123 iisdem,
2105 3046 2233 3108 aut
2276 3035 2514 3131 paral·

437 3148 621 3222 lelis,
692 3148 884 3220 Nam
912 3147 975 3220 si
1009 3147 1117 3220 ita
1151 3158 1364 3235 esset,
1395 3171 1704 3244 corpora
1738 3148 1985 3221 omnia
2018 3148 2400 3242 aequaliter
2433 3172 2511 3221 se

439 3274 697 3335 mutuo
743 3260 1221 3334 attraherent.
1326 3261 1519 3333 Nam
1582 3283 1976 3333 consensus
2027 3259 2194 3333 talis
2247 3272 2511 3348 motuS,

438 3377 596 3464 viae,
633 3374 1060 3462 velocitatis,
1090 3384 1165 3448 et
1197 3373 1558 3470 polorum,
1592 3373 1753 3445 fieri
1784 3396 1934 3446 nou
1968 3384 2210 3469 potest
2238 3373 2512 3468 absque

440 3489 956 3584 conjunctione
991 3488 1314 3584 ipsorum
1346 3487 1425 3560 in
1459 3497 1713 3561 centro
1748 3498 1990 3560 motus
2024 3510 2276 3561 eorum
2312 3510 2512 3560 com-

441 3603 666 3675 muni.

541 3715 796 3811 Itaque
831 3716 894 3787 si
933 3714 1111 3788 ferri
1154 3724 1422 3787 natura
1466 3736 1635 3785 cum
1684 3724 1947 3786 natura
1997 3711 2358 3808 magnetis
2407 3710 2513 3783 ita

443 3829 855 3917 conveniat,
891 3838 976 3901 ut
1007 3839 1292 3901 motum
1325 3826 1636 3900 similem
1675 3828 1831 3923 ejus
1879 3826 2005 3923 qui
2041 3837 2153 3899 est
2196 3825 2274 3897 in
2309 3846 2513 3917 mag-

439 3951 636 4029 nete,
689 3941 905 4014 facile
964 3942 1296 4038 recipiat,
1360 3964 1447 4014 eo
1508 3939 1730 4013 modo
1790 3963 1934 4036 quo
1998 3939 2175 4034 lyrae
2236 3935 2515 4010 chorda

439 4055 702 4152 recipit
753 4064 1034 4127 motum
1075 4056 1377 4128 alterius
1413 4053 1711 4127 ohordae
1745 4052 2079 4126 similiter
2112 4061 2383 4124 tensae:
2433 4049 2512 4122 id

441 4166 638 4266 quod
671 4166 1060 4241 verisimile
1110 4180 1245 4254 est,
1281 4167 1451 4264 quia
1500 4189 1806 4261 magnes
1851 4165 2128 4261 species
2175 4161 2510 4260 quaedam

441 4294 553 4356 est
588 4283 888 4355 minerae
921 4281 1219 4355 ferreae:
1274 4304 1572 4354 necesse
1608 4291 1722 4352 est
1767 4289 1937 4376 post
1984 4288 2264 4351 motum
2314 4299 2512 4371 mag-

438 4397 628 4471 netis
661 4404 1063 4492 receptum,
1095 4407 1181 4468 ut
1213 4394 1486 4467 sermm
1526 4392 1621 4466 ad
1645 4402 2084 4488 magnetem,
2112 4391 2252 4464 nisi
2285 4390 2513 4486 impe-
