3094 5125
784 517 1428 571 MATHEMA‘rlcAE
1468 516 1955 569 nomnRNAE.
2322 502 2416 567 59

375 681 486 756 A.
541 681 782 757 Mala
809 716 835 769 ;
918 709 1056 757 nec
1122 682 1627 780 intelligibilis,
1703 681 1979 755 nedum
2046 691 2417 755 accurata.
2491 708 2790 752 nameus

280 795 494 869 Inter
531 822 915 894 quaenam
957 822 1087 870 sua
1120 798 1345 895 ipsius
1377 807 1655 894 puncta
1686 806 1935 892 potest
1969 794 2423 890 interjacere
2500 862 2508 876 ,
2613 791 2678 831 ¹¹·
2772 857 2787 874 .

277 909 482 983 linea
528 921 801 999 recta,
847 922 1339 1008 praeterquam
1387 910 1584 984 inter
1623 909 2009 984 extrema?
2108 910 2207 982 Et
2240 933 2422 1006 quo-

280 1022 513 1096 modo
579 1024 815 1097 inter
873 1048 963 1098 ea
1018 1050 1111 1097 ex
1168 1049 1381 1122 oequo
1447 1024 1840 1120 interjacet
1903 1023 2139 1119 magis
2200 1046 2422 1119 quam

284 1160 547 1227 curva,
604 1136 778 1210 nisi
827 1135 1023 1209 forte
1069 1136 1270 1233 quod
1313 1160 1464 1210 non
1507 1136 1827 1210 declinet
1871 1137 1965 1210 ab
2000 1136 2249 1233 aliqua
2280 1136 2425 1210 alia

283 1249 514 1341 linea,
555 1250 850 1323 eadem
884 1250 1200 1323 habente
1234 1260 1590 1339 extrema,
1615 1249 1851 1345 magis
1884 1251 1963 1323 in
1996 1273 2221 1323 unam
2252 1273 2423 1346 par-

286 1373 445 1436 tem
506 1388 762 1460 quam
812 1363 892 1435 in
940 1362 1207 1436 aliam?
1312 1363 1536 1438 Quod
1589 1363 1653 1436 si
1696 1364 1808 1437 ita
1853 1363 1973 1453 sit,
2014 1385 2242 1460 quare
2272 1387 2425 1436 non

291 1489 628 1571 possunt
695 1500 863 1550 esse
916 1476 1114 1549 inter
1163 1476 1421 1549 eadem
1470 1488 1749 1573 puncta
1799 1490 2131 1550 extrema
2179 1477 2427 1573 plures

298 1601 533 1663 rectae
590 1592 854 1664 lineae.
956 1590 1343 1680 Praeterea,
1395 1590 1712 1687 intelligi
1761 1615 1913 1664 non
1958 1601 2206 1688 potest
2245 1614 2429 1687 quo-

303 1704 534 1777 modo
573 1705 793 1778 linea
824 1716 1031 1778 recta
1067 1730 1158 1777 ex
1193 1729 1410 1802 oeque,
1464 1702 1543 1776 id
1579 1716 1713 1794 est,
1761 1705 2165 1801 aequaliter,
2201 1704 2429 1777 inter-

300 1818 561 1913 jacere
603 1819 817 1891 inter
861 1842 996 1891 sua
1029 1829 1356 1892 extrema
1389 1818 1704 1909 dicatur,
1750 1819 1893 1892 nisi
1936 1817 2432 1914 intelligamus

310 1931 521 2027 prius
562 1932 764 2027 quid
799 1932 896 2004 sit
932 1931 1240 2029 aequale.

413 2044 521 2119 B.
579 2045 948 2119 Definitio
1004 2045 1394 2141 aequalium
1444 2047 1536 2120 ab
1593 2045 1926 2136 Euclide,
1976 2044 2227 2118 nescio
2287 2068 2433 2140 qua

316 2157 410 2231 de
447 2181 717 2244 causa,
743 2158 1236 2254 praetermissa
1268 2172 1425 2241 est;
1480 2181 1902 2255 quanquam
1948 2158 2147 2232 circa
2189 2180 2435 2253 aequa-

318 2270 626 2346 litatem
666 2283 742 2344 et
767 2271 1337 2368 inaequalitatem
1373 2272 1613 2346 omnis
1645 2284 1979 2346 versetur
2004 2271 2432 2365 geometria.

421 2386 534 2460 A.
597 2384 917 2457 Axioma
948 2395 1292 2457 octavum
1324 2384 1420 2457 ad
1444 2385 1903 2459 Elementum
1934 2385 2253 2482 primum
2286 2384 2438 2455 Eu-

327 2499 584 2589 clidis,
646 2498 882 2571 instar
941 2497 1382 2573 definitionis
1444 2509 1557 2572 est
1611 2499 1997 2596 (equalium
2049 2496 2434 2588 linearum,

330 2614 453 2688 vel
530 2612 761 2686 etiam
831 2611 1225 2710 aequalium
1286 2612 1868 2710 superficierum,
1937 2635 2202 2708 nempe
2267 2612 2436 2701 hoc,

335 2752 514 2824 quoe
542 2725 687 2798 sibi
713 2733 954 2797 mutuo
981 2735 1418 2823 congruunt,
1442 2750 1534 2798 ea
1564 2726 1763 2799 inter
1785 2750 1867 2798 se
1890 2735 2058 2798 eunt
2085 2723 2437 2822 oequalia.

442 2838 548 2912 Β.
603 2838 778 2911 Non
832 2850 947 2911 est
1000 2861 1089 2911 ea
1145 2838 1536 2935 aequalium
1596 2836 1952 2927 definitio,
2015 2861 2437 2934 quanquam

344 2977 529 3026 vera
560 2951 992 3048 propositio,
1030 2961 1108 3024 et
1143 2975 1307 3048 quae
1340 2950 1593 3024 multis
1630 2951 2108 3024 theorematis
2144 2951 2444 3025 demon-

350 3065 679 3141 strandis
734 3065 910 3139 satis
961 3066 1150 3139 bene
1198 3065 1660 3150 inservierit;
1712 3064 1842 3138 sed
1876 3064 2167 3138 videtur
2200 3064 2446 3160 potius

352 3180 754 3275 descriptio
792 3178 1130 3275 quaedam
1165 3179 1345 3275 ejuS,
1393 3177 1590 3273 quod
1622 3177 1905 3251 faciunt
1938 3177 2045 3250 illi
2080 3178 2208 3272 qui
2241 3200 2447 3272 mag-

349 3293 734 3367 nitudines
781 3316 1029 3366 rerum
1071 3293 1498 3366 metiuntur.
1603 3292 1795 3364 Nam
1833 3292 1962 3387 qui
1994 3302 2448 3378 mensurant,

356 3430 780 3481 mensuram
815 3430 1220 3503 congruere
1251 3405 1536 3479 faciunt
1571 3430 1740 3479 eum
1765 3416 2212 3478 mensurato,
2302 3402 2451 3476 De-

357 3520 491 3594 fini
526 3544 706 3617 ergo
740 3520 1075 3615 aequalia.

458 3631 555 3707 A.
609 3632 982 3732 AEqualia
1028 3641 1200 3705 eunt
1248 3632 1444 3705 inter
1489 3655 1573 3705 se
1622 3654 1970 3729 corpora,
2020 3655 2183 3727 quae
2216 3629 2453 3702 eidem

360 3746 520 3820 loco
583 3769 1000 3843 congruere
1052 3754 1392 3845 possunt.
1492 3745 1613 3831 Et,
1681 3742 2012 3843 ‹equale-9
2079 3744 2454 3842 maguitu-

363 3860 577 3933 dinee
610 3866 786 3932 eunt
818 3858 1363 3956 magnitudines
1399 3857 1782 3954 aequalium
1815 3881 2219 3955 corporum.

462 3975 564 4047 B.
621 3973 765 4045 Hae
827 3971 1123 4068 quidem
1177 3970 1641 4044 definitiones
1696 3982 1869 4044 sunt
1930 3994 2325 4066 corporum
2380 3979 2458 4042 et

368 4085 962 4183 magnitudinum
1030 4083 1440 4182 «equalium,
1495 4108 1647 4158 non
1715 4095 1961 4158 autem
2029 4083 2458 4179 simpliciter

369 4199 782 4298 cequalium.
887 4198 1081 4271 Nam
1145 4206 1570 4295 temporum,
1631 4207 1969 4287 motuum,
2019 4195 2457 4295 ponderum,

366 4315 827 4409 aliarumque
894 4334 1140 4384 rerum
1220 4311 1619 4386 multarum
1687 4309 2117 4407 aequalitati,
2195 4318 2462 4381 neutra

365 4452 619 4503 earum
656 4424 1014 4522 applicari
1047 4435 1317 4520 potest.
