3094 5125
1041 543 1708 595 GEOMETRARUM.
2262 527 2398 591 441

434 708 547 781 Ex
604 707 746 782 hoc
805 730 1050 782 errore
1103 709 1432 782 nascitur
1489 707 1697 796 alim,
1746 728 2028 802 nempe,
2087 704 2410 778 radicem
2462 732 2597 774 cu».
2621 730 2797 773 xvm.

334 822 621 895 numeri
680 822 1017 918 quadrati
1084 847 1239 896 esse
1298 821 1638 919 quadrati
1702 819 2128 917 geometrici
2195 820 2408 892 latus,

337 935 715 1030 Siquidem
750 936 946 1009 enim
980 937 1490 1034 multiplicatio
1524 935 1811 1008 numeri
1846 934 2207 1031 producat
2240 957 2410 1029 qua-

337 1047 628 1122 dratum
660 1051 1215 1145 geometricum,
1249 1049 1659 1123 necessario
1699 1060 2045 1144 sequetur
2088 1047 2412 1120 radicem

334 1162 622 1235 numeri
654 1162 832 1236 facti
860 1186 1018 1236 esse
1054 1163 1289 1259 ipsum
1327 1162 1539 1236 latus.
1621 1162 1792 1236 Non
1817 1161 2167 1234 videbant
2192 1160 2411 1251 enim,

337 1274 415 1347 in
472 1275 795 1349 numeris
847 1275 1287 1372 quadratum
1339 1299 1727 1350 numerum
1775 1285 1849 1348 et
1898 1275 2222 1348 radicem
2257 1275 2414 1370 ejus

340 1410 500 1460 esse
540 1389 758 1461 ambo
814 1389 1211 1462 earundem
1248 1414 1492 1463 rerum
1528 1412 1870 1462 numeros
1902 1416 1919 1460 ε
1991 1399 2065 1461 et
2103 1388 2414 1485 proinde

339 1500 661 1573 radicem
719 1502 1003 1575 numeri
1058 1514 1531 1601 quotcunque
1578 1502 2100 1599 quadratorum
2161 1526 2416 1575 nume-

339 1637 504 1686 rum
537 1638 694 1688 esse
720 1615 945 1688 etiam
979 1615 1526 1710 quadratorum,
1556 1615 2172 1713 quemadmodum
2207 1616 2417 1689 radix

340 1737 634 1800 centum
670 1728 1049 1801 hominum
1084 1743 1254 1801 sunt
1288 1729 1543 1802 decem
1576 1728 1932 1802 homines.

442 1841 815 1913 Postremo
871 1840 1159 1938 decepit
1204 1841 1390 1931 illos,
1443 1840 1643 1938 quod
1685 1841 1993 1914 eandem
2046 1865 2202 1914 rem
2257 1864 2417 1914 esse

340 1954 670 2048 putarint
704 1954 893 2027 latus
930 1952 1269 2049 quadrati
1306 1953 1740 2049 geometrici
1773 1966 1850 2027 et
1884 1954 2207 2028 radicem
2241 1978 2418 2051 qua-

343 2066 536 2139 drati
586 2067 894 2140 numeri.
1018 2067 1278 2163 Itaque
1322 2067 1652 2163 regulam
1698 2067 2037 2164 algebrae,
2086 2091 2251 2165 quae
2304 2091 2420 2141 re-

342 2180 517 2275 gula
549 2193 663 2253 est
693 2203 877 2277 pure
911 2179 1396 2267 arithmetica,
1439 2179 1535 2252 ad
1568 2182 2048 2276 geometriam
2081 2181 2420 2277 imperite

343 2293 814 2390 applicanteS,
858 2316 947 2365 ex
998 2292 1584 2389 ingeniosissima
1637 2294 2114 2368 reddiderunt
2166 2295 2422 2368 absur-

345 2406 739 2496 dissimam,
796 2430 931 2504 pro
988 2406 1205 2492 linea,
1259 2406 1642 2504 quadrato,
1694 2418 1771 2481 et
1816 2408 2029 2495 cubo,
2062 2409 2420 2481 unitatem

343 2521 752 2616 promiscue
829 2530 1332 2617 supputantes,
1468 2521 1804 2619 Exempli
1869 2523 2109 2618 gratia
2146 2550 2163 2595 ε
2252 2545 2420 2595 cum

346 2635 755 2732 scripsisset
809 2635 1131 2731 quidam,
1167 2635 1228 2708 si
1263 2634 1403 2708 AD
1452 2646 1769 2731 ponatur
1815 2634 2038 2732 dupla
2074 2635 2230 2723 DV,
2266 2645 2344 2708 et
2375 2659 2425 2708 a

347 2759 506 2821 tota
539 2748 671 2819 AV
706 2746 1130 2820 detrahatur
1165 2748 1285 2820 AS
1322 2748 1564 2821 media
1615 2747 2183 2845 proportionalis
2227 2747 2423 2822 inter

347 2860 541 2955 ipsas
576 2859 711 2931 AD
754 2870 827 2932 et
878 2858 1037 2946 DV,
1090 2882 1254 2955 quae
1313 2883 1427 2932 re·
1540 2907 1573 2940 Δ
1965 2907 1990 2942 ⁸
2149 2906 2183 2942 n

346 2973 699 3070 linquitur
765 2972 910 3059 VS,
979 2971 1120 3044 erit
1194 2972 1431 3066 major
1550 2984 1564 2998 ·

349 3087 659 3160 duarum
695 3085 1097 3157 mediarum
1131 3085 1787 3180 proportionalium
1815 3084 2007 3156 inter
2031 3084 2225 3180 ipsas
2261 3082 2422 3173 AD,

348 3202 521 3275 DV:
574 3200 669 3274 ad
704 3200 845 3273 hoc
881 3197 1409 3272 confutandum
1445 3199 1552 3272 sic
1587 3198 2065 3271 ratiocinatus
2100 3208 2214 3270 est
2258 3220 2427 3293 pro-

346 3315 577 3389 fessor
604 3312 901 3411 quidam
934 3311 1358 3407 geometriae
1391 3311 1767 3409 publicus:

449 3434 495 3468 “
520 3429 841 3501 Ponatur
875 3426 1003 3499 DV
1046 3424 1344 3520 aequalis
1401 3435 1463 3499 l.
1569 3424 1705 3497 AD
1744 3423 1884 3497 erit
1920 3432 1991 3496 2.
2097 3423 2427 3497 Ponatur

350 3542 471 3615 AS
505 3540 748 3613 media
795 3539 1363 3636 proportionalis
1418 3540 1614 3612 inter
1645 3538 1807 3628 AD,
1843 3537 2002 3626 DV,
2050 3549 2127 3611 et
2181 3537 2424 3612 detra-

349 3655 567 3728 hatur
592 3654 687 3726 ab
722 3653 879 3726 AV.
984 3653 1467 3749 Relinquetur
1501 3654 1645 3726 VS.

451 3768 708 3863 “Ergo
742 3767 864 3840 VS
901 3767 1198 3863 aequalis
1238 3777 1354 3839 est
1389 3776 1434 3840 3
1469 3767 1712 3840 minus
1745 3776 1871 3840 42.

451 3880 698 3954 “Quae
753 3879 1238 3975 multiplicata
1281 3879 1356 3952 in
1392 3904 1470 3954 se
1506 3879 1785 3968 cubice,
1839 3878 2020 3953 facit
2054 3887 2147 3951 45
2185 3877 2427 3953 minus

379 4003 437 4066 ,Ι
447 4001 658 4082 1682,
694 3993 891 4089 quod
924 3993 1163 4066 minus
1198 4004 1309 4067 est
1354 4017 1572 4090 quam
1621 4004 1938 4091 quatuor
1971 3991 2139 4066 cubi
2174 4016 2219 4065 a
2252 3993 2426 4066 DV:

351 4107 524 4201 quia
556 4116 653 4179 45
691 4107 932 4179 minus
960 4115 1238 4197 41681,
1270 4109 1590 4203 aequales
1648 4117 1823 4181 sunt
1870 4116 2186 4203 quatuor
2220 4107 2426 4180 cubis

350 4244 396 4293 a
430 4220 588 4293 DV.

454 4339 499 4371 “
524 4333 709 4407 Cum
745 4355 920 4428 ergo
947 4334 1178 4406 cubus
1202 4333 1297 4406 ab
1332 4334 1469 4407 AD
1502 4333 1600 4407 sit
1636 4342 1706 4420 8,
1741 4333 1881 4406 erit
1917 4333 2145 4406 cubus
2177 4333 2270 4406 ab
2306 4333 2424 4406 VS

2489 800 2775 835 ἓ-Υ-κ

2466 861 2535 904 De
2560 860 2709 903 radice

2466 925 2706 977 numerica,
2723 927 2807 968 etc.
