3094 5125
1050 544 1719 598 GEOMETRARUM.
2268 530 2415 595 439

341 735 619 810 pason;
672 720 719 786 6
755 722 834 785 et
868 713 914 784 4
948 711 1500 785 consonantiam
1537 710 1879 808 diapente
1910 740 1928 793 ;
1965 718 2040 783 et
2076 708 2414 804 denique,
2480 737 2615 779 cn.
2646 735 2797 777 xvn.

343 830 390 900 4
426 837 505 899 et
540 835 585 899 3
621 825 1177 899 consonantiam
1214 823 1704 898 diatessaronz
1757 823 2004 897 vocari
2036 822 2224 897 solet
2256 823 2416 895 haec
2473 805 2793 927 Ram

341 940 719 1037 proportio
771 938 1268 1012 harmonica.”
1406 937 1632 1012 Quod
1681 938 1741 1010 si
1788 937 1896 1010 ita
1929 936 2047 1025 sit,
2084 959 2217 1008 cur
2265 958 2415 1008 non
2469 935 2815 1044 {gissg‘gffvglfff

343 1054 570 1125 etiam
605 1052 683 1124 in
732 1051 847 1125 his
899 1050 1246 1140 numeriS,
1282 1058 1353 1122 6.
1385 1061 1457 1125 3.
1490 1061 1564 1139 2,
1602 1051 1721 1125 vel
1755 1052 1833 1123 in
1866 1050 2006 1138 his,
2043 1051 2165 1122 42.
2199 1057 2311 1122 12.
2344 1051 2417 1138 7,

346 1190 510 1261 quae
543 1164 822 1238 cadunt
855 1165 991 1238 sub
1028 1163 1336 1238 eandem
1372 1163 1901 1252 definitionem,
1937 1160 2213 1236 eaedem
2249 1171 2422 1234 sunt

346 1276 900 1351 consonantiae?
983 1276 1233 1351 Quare
1268 1285 1517 1349 autem
1551 1275 1733 1349 facit
1765 1275 1955 1348 ratio
1984 1282 2030 1347 6
2066 1273 2165 1347 ad
2199 1283 2269 1363 3,
2303 1272 2424 1347 vel

344 1402 584 1464 totum
617 1389 995 1487 quodlibet
1028 1388 1125 1463 ad
1159 1412 1372 1462 suum
1418 1388 1830 1479 dimidium,
1867 1386 2424 1461 consonantiam

347 1503 721 1601 diapason,
766 1502 1078 1577 nescivit
1132 1502 1446 1576 Clavius.
1578 1502 1664 1576 Id
1726 1500 1920 1575 enim
1954 1502 2233 1598 primus
2267 1522 2424 1572 om-

346 1620 549 1690 nium
604 1616 858 1690 docuit
909 1615 1276 1705 Galilaeus,
1311 1628 1702 1713 postquam
1751 1613 2043 1687 Clavius
2092 1624 2427 1685 mortuus

348 1742 562 1804 esset.
667 1729 907 1825 Nugae
942 1751 1163 1803 merae
1197 1742 1371 1801 sunt
1404 1728 1704 1801 homine
1739 1725 2262 1800 mathematico
2311 1725 2427 1797 in-

350 1843 615 1939 dignae.

453 1958 835 2030 Hactenus
871 1956 962 2030 de
997 1954 1376 2054 principiis
1409 1951 1759 2026 Euclidis.
1849 1951 2194 2047 Sequitur
2226 1948 2427 2046 prin-

353 2069 622 2167 cipium
644 2068 869 2159 aliud,
896 2068 1210 2165 quibus*
1233 2077 1541 2140 utuntur
1562 2064 1783 2139 hodie
1810 2075 2234 2160 geometrae,
2256 2062 2427 2136 tale.

1123 2512 1332 2587 CAP.
1368 2511 1656 2586 XVIII.

361 2689 467 2741 nr.
530 2687 839 2740 nAmcn
904 2688 1354 2741 NUMERICA
1417 2689 1521 2741 ET
1585 2687 1907 2740 LATERR
1981 2687 2436 2747 QUADRATL

363 2818 448 2891 S1
479 2818 819 2914 quadrati
848 2818 993 2892 duo
1031 2819 1261 2894 latera
1285 2820 1636 2915 angulum
1663 2831 1946 2892 rectum
1986 2818 2441 2892 continentia

366 2930 597 3004 divisa
647 2931 944 3021 fuerint,
975 2945 1365 3028 utrumque
1391 2934 1468 3006 in
1495 2932 1858 3029 quotlibet
1882 2944 2128 3029 partes
2163 2935 2444 3029 magni-

359 3045 614 3118 tudine
675 3056 750 3118 et
804 3069 1110 3119 numero
1165 3046 1506 3142 aequaleS,
1571 3069 2065 3141 numerusque
2119 3047 2442 3142 partium

357 3159 573 3232 unius
592 3158 843 3231 lateris
872 3159 1396 3257 multiplicatus
1423 3160 1521 3231 sit
1550 3181 1685 3255 per
1709 3181 2096 3231 numerum
2119 3160 2441 3255 partium

359 3273 696 3346 alterius:
749 3271 827 3344 id
874 3284 1007 3363 est,
1044 3274 1105 3346 si
1152 3273 1298 3346 duo
1350 3271 1456 3345 illi
1506 3270 1796 3344 numeri
1829 3271 2148 3368 aequales
2194 3272 2443 3345 multi-

362 3386 730 3483 plicentur
752 3385 946 3458 inter
968 3409 1076 3458 se:
1105 3384 1344 3459 factus
1366 3384 1504 3458 erit
1527 3407 1876 3457 numerus
1889 3383 2442 3481 quadratorum,

363 3523 675 3594 quorum
736 3498 969 3572 latera
1019 3510 1189 3573 sunt
1244 3498 1551 3595 singulae
1606 3509 1853 3594 partes
1908 3497 2156 3571 lateris
2215 3500 2444 3573 totius

364 3610 725 3708 quadrati.
861 3611 1198 3709 Exempli
1254 3611 1530 3708 gratia:
1584 3610 1647 3684 si
1705 3610 2044 3707 quadrati
2103 3612 2296 3685 latus
2349 3612 2446 3685 sit

363 3725 665 3820 longum
700 3733 839 3800 100
858 3725 1109 3822 pedeS,
1136 3724 1722 3822 multiplicentur
1754 3736 2002 3798 autem
2049 3732 2186 3799 100
2219 3723 2444 3821 pedes

364 3861 497 3935 per
549 3861 935 3911 numerum
991 3846 1154 3925 100,
1205 3838 1402 3911 unde
1456 3839 1698 3912 factus
1754 3838 1896 3911 erit
1955 3838 2199 3912 decies
2245 3838 2446 3912 mille

364 3950 629 4047 pedes:
659 3964 898 4038 erunt,
927 3965 1012 4024 ut
1035 3951 1141 4024 illi
1168 3963 1572 4042 assumunt,
1600 3952 1707 4025 illi
1734 3951 1976 4025 decies
2003 3950 2199 4023 mille
2221 3950 2448 4047 pedes

370 4063 679 4137 totidem
729 4064 1112 4161 quadrata,
1151 4088 1462 4160 quorum
1508 4066 2082 4161 uniuscujusque
2127 4063 2317 4137 latus
2352 4064 2450 4137 sit

368 4201 557 4249 unus
591 4199 766 4272 pes;
820 4187 895 4250 et
944 4175 1183 4250 decies
1221 4178 1417 4251 mille
1450 4179 1675 4276 pedes
1724 4177 2183 4274 longitudine
2235 4178 2449 4250 simul

372 4301 699 4387 sumptos
770 4290 1086 4385 aequales
1155 4315 1309 4365 esse
1377 4294 1518 4366 toti
1591 4291 1976 4388 quadrato.
2103 4291 2454 4364 Similiter

1004 4506 1036 4541 *
1071 4503 1169 4563 Sic
1196 4505 1333 4563 edit.
1374 4507 1524 4563 1666
1554 4515 1613 4563 et
1648 4508 1816 4563 1668.
