3094 5125
1083 481 1190 533 nn
1230 480 1572 533 NATURA
1610 478 1882 532 Anms.
2374 459 2512 538 271

432 645 867 720 tantundem
924 646 1105 720 facit
1156 647 1280 721 bA
1330 658 1406 720 et
1457 647 1578 720 cA
1633 669 2100 741 convergere,
2165 655 2522 741 quantum

429 760 718 855 pondus
752 760 830 833 in
866 759 960 832 bc
993 760 1176 833 facit
1217 758 1513 833 easdem
1561 758 1965 856 divergere.
2074 757 2243 831 Non
2271 771 2524 855 potest

434 895 609 968 ergo
644 896 815 970 pars
853 873 946 945 bc
988 873 1322 969 (propter
1375 872 1991 969 magnitudinem)
2052 872 2522 967 quantumvis

430 986 675 1080 gravis
726 986 847 1075 sit,
901 986 1391 1071 descendere;
1445 1009 1684 1083 neque
1747 1009 1923 1081 ergo
1985 1008 2318 1081 premere
2369 984 2521 1058 sive

428 1099 822 1195 gravitare.
925 1098 1150 1174 Quod
1183 1111 1339 1172 erat
1375 1098 2049 1172 demonstrandum.

530 1212 629 1285 B.
687 1210 912 1287 Quod
944 1212 1181 1285 solum
1215 1212 1293 1285 in
1326 1210 1729 1285 Academia
1760 1222 2016 1284 nostra
2048 1210 2147 1283 ad
2195 1210 2522 1307 philoso-

429 1324 681 1421 phiam
751 1323 1092 1398 didicisse
1158 1347 1278 1397 me
1346 1324 1903 1412 somniaveram,
1965 1324 2107 1397 hoc
2188 1335 2272 1396 tu
2339 1323 2523 1396 mihi

429 1446 695 1525 totum,
733 1436 1360 1511 demonstratione
1396 1448 1528 1510 tua
1573 1435 2117 1533 expergefacto,
2154 1434 2518 1511 ademisti.

532 1549 632 1623 A.
688 1549 1023 1647 Utraque
1067 1551 1263 1623 enim
1309 1551 1434 1624 illa
1487 1550 1877 1646 phantasia
1926 1560 2087 1623 tum
2140 1551 2522 1646 gravitatis

432 1664 968 1760 atmosphaerae,
999 1676 1157 1737 tum
1193 1665 1304 1737 vis
1339 1664 1664 1738 clasticae
1705 1665 1858 1736 sive
1894 1662 2281 1760 antitupiae
2305 1664 2520 1753 aeris,

432 1779 795 1850 somnium
832 1788 1013 1851 erat.
1119 1776 1492 1873 Siquidem
1529 1788 1779 1851 autem
1815 1777 1958 1850 illis
1993 1776 2523 1851 concederetur

433 1914 589 1964 esse
623 1890 941 1987 aliquam
976 1890 1053 1963 in
1087 1890 1378 1963 filiculis
1405 1890 1595 1964 aeris
1630 1889 2094 1986 antitupiam,
2123 1902 2521 1986 quaereret-

434 2027 575 2100 que
598 2004 859 2100 aliquis
881 2003 1079 2077 unde
1100 2003 1249 2093 illa,
1263 2015 1566 2078 curvata
1585 2003 1881 2100 quidem
1903 2002 2033 2076 sed
2046 2003 2519 2100 quiescentia,

433 2127 905 2190 moverentur
955 2140 1202 2190 rursus
1235 2116 1331 2190 ad
1378 2116 1949 2190 rectitudinem:
2004 2115 2359 2189 deberent
2391 2115 2522 2205 illi,

433 2229 493 2302 si
527 2230 811 2327 physici
841 2230 1098 2304 haberi
1125 2229 1406 2319 volunt,
1444 2252 1741 2302 causam
1775 2232 1932 2325 ejus
1977 2227 2298 2325 aliquam
2351 2251 2524 2324 pos-

432 2343 715 2416 sibilem
751 2343 1148 2439 assignare.
1251 2343 1549 2439 Alioqui
1582 2342 1781 2415 idem
1833 2342 2109 2414 facient
2155 2340 2357 2437 quod
2389 2341 2520 2430 illi,

429 2456 557 2551 qui
601 2453 698 2528 ad
750 2456 1207 2550 questionem
1252 2465 1546 2551 quotam
1597 2454 1847 2529 sonuit
1894 2454 2339 2550 respondere
2386 2478 2516 2527 au-

432 2569 636 2658 dent,
705 2592 1126 2666 quanquam
1193 2569 1512 2665 primum
1583 2569 1814 2641 ictum
1884 2592 2034 2641 non
2103 2567 2519 2642 audierunt.

431 2682 819 2770 Praeterea,
855 2683 918 2754 si
952 2681 1296 2778 possibile
1326 2705 1484 2755 esse
1517 2705 1890 2778 negarem,
1918 2693 2002 2755 ut
2037 2680 2421 2777 diligentia
2445 2694 2523 2755 et

430 2806 591 2867 arte
644 2794 966 2867 humana
1011 2794 1176 2867 duae
1227 2794 1649 2890 superficies
1717 2818 2111 2891 corporum
2168 2793 2521 2867 durorum

429 2909 624 2982 inter
682 2931 758 2981 se
820 2931 952 3004 per
1003 2907 1251 2980 omnia
1281 2918 1561 3004 puncta
1612 2908 1720 2981 ita
1772 2920 2115 2982 accurate
2172 2933 2522 3005 congruae

429 3023 614 3095 fiant
671 3032 754 3094 ut
814 3045 909 3094 ne
976 3021 1279 3094 minimo
1347 3022 1646 3117 quidem
1714 3023 2148 3118 corpusculo
2219 3021 2521 3095 creabili

428 3135 779 3208 transitus
813 3134 1311 3230 permittatur,
1347 3157 1499 3207 non
1536 3134 1748 3208 video
1798 3133 2167 3230 quomodo
2227 3134 2335 3207 illi
2391 3146 2522 3209 aut

430 3272 637 3322 suam
690 3246 1159 3344 hypothesim
1219 3246 1433 3335 tueri,
1488 3259 1619 3319 aut
1662 3248 2130 3344 negationem
2188 3258 2521 3321 nostram

430 3361 922 3459 improbitatis
957 3383 1290 3457 arguere,
1318 3361 1485 3455 jure
1519 3371 1842 3456 possent.

528 3477 630 3550 B.
682 3474 1284 3571 Experimentum
1318 3473 1536 3546 tibia
1582 3474 1921 3547 machina
1977 3485 2231 3548 nostra
2277 3475 2521 3549 adhuc

428 3613 680 3676 unum,
751 3587 915 3680 (sed
982 3587 1308 3660 omnium
1363 3585 2046 3681 mirabilissimum),
2107 3611 2247 3661 nec
2305 3586 2523 3684 plura

429 3702 765 3775 referam.
871 3702 1257 3775 Suctorem
1294 3700 1420 3796 qui
1454 3723 1687 3797 usque
1736 3699 1833 3774 ad
1868 3700 2181 3797 cylindri
2222 3701 2521 3774 summi-

428 3826 660 3888 tatem
693 3816 1019 3889 intrusus
1050 3814 1316 3903 fuerat,
1350 3827 1741 3911 postquam
1779 3815 2018 3889 omnis
2070 3816 2224 3889 aeri
2277 3812 2521 3887 aditus

431 3928 766 4000 occlusus
834 3939 1049 4018 esset,
1111 3927 1185 4000 vi
1245 3952 1600 4002 manuum
1660 3927 1756 4000 ad
1815 3928 2045 4000 imum
2113 3938 2517 4001 retractum

428 4039 792 4114 vidimus:
846 4041 952 4114 ita
984 4053 1070 4115 ut
1105 4041 1424 4137 spatium
1470 4042 1546 4114 in
1583 4041 1914 4139 cylindro
1973 4065 2286 4114 vacuum
2340 4039 2520 4114 satis

431 4178 781 4250 magnum
816 4164 1030 4228 esset.
1138 4155 1434 4228 Suctori
1470 4155 1737 4228 deinde
1771 4154 2061 4252 pondus
2095 4154 2261 4250 plus
2296 4177 2517 4249 quam

432 4278 729 4341 centum
762 4267 1116 4341 librarum
1165 4291 1566 4364 appensum
1621 4269 1788 4343 fuit.
1889 4267 2225 4342 Vidimus
2281 4279 2523 4340 sucto-

430 4405 611 4472 rem,
641 4381 855 4454 simul
892 4405 979 4454 ac
1031 4380 1444 4455 libertatem
1502 4392 1763 4456 nactus
1814 4392 2031 4475 esset,
2068 4405 2203 4456 sua
2258 4393 2521 4480 sponte
