3094 5125
248 595 386 636 cAP.
417 595 476 635 V.

254 721 324 766 Do
344 723 459 766 duro

264 792 311 830 et
330 786 464 831 molli.

591 388 737 455 340
1140 399 1696 453 PROBLEMATA
1734 397 2120 450 ansch.

592 591 857 666 quores
891 577 969 641 et
997 568 1199 641 succi
1223 561 1495 641 diversi
1518 568 1646 663 qni
1674 565 2002 639 indurari
2027 575 2361 661 possunt.
2435 563 2686 637 Causa

591 693 841 755 autem
894 704 1060 778 quae
1111 704 1204 754 ex
1252 704 1403 754 non
1459 680 1663 754 duris
1714 680 1899 752 dura
1949 679 2174 752 efficit
2218 676 2680 765 universaliS,

592 795 737 868 alia
786 804 966 891 puto
1017 816 1175 867 esse
1230 817 1379 867 non
1425 803 1673 890 potest
1707 803 1979 889 praeter
2012 802 2298 865 motum
2332 790 2679 886 aliquem,

591 930 747 980 non
778 907 1030 997 totiuS,
1057 906 1188 980 sed
1213 906 1538 1002 partium
1570 906 2063 996 minimarum,
2087 915 2164 979 et
2196 905 2401 978 illum
2435 904 2682 1000 ipsum

594 1042 811 1115 quem
839 1019 1013 1092 dixi.
1104 1018 1326 1101 Quod
1360 1019 1423 1092 si
1459 1019 1624 1115 quis
1658 1030 1943 1092 motum
1979 1018 2204 1092 alium
2232 1016 2448 1112 (nihil
2480 1017 2681 1090 enim

592 1143 923 1205 mutatur
955 1131 1099 1205 nisi
1131 1120 1266 1228 per
1297 1131 1612 1224 motum)
1667 1131 1763 1205 ad
1795 1131 1993 1205 hunc
2029 1132 2373 1205 effectum
2405 1128 2682 1226 produ-

595 1245 914 1320 cendum
973 1244 1500 1340 excogitaverit
1556 1242 1942 1339 aptiorem,
1992 1254 2067 1317 et
2119 1243 2679 1317 monstraverit:

596 1359 692 1433 ad
725 1358 920 1432 illius
955 1357 1398 1431 sententiam
1430 1357 1669 1430 libens
1706 1357 2078 1431 accedam.

695 1469 790 1547 A.
845 1472 1131 1545 Scimus
1182 1494 1448 1569 aquam
1499 1469 1970 1544 indurescere
2022 1470 2248 1544 etiam
2283 1469 2565 1558 oceani,
2600 1469 2682 1542 in

595 1584 929 1682 partibus
961 1607 1116 1658 non
1146 1583 1455 1657 nimium
1490 1583 1791 1676 remotis
1818 1607 1866 1656 a
1892 1584 2150 1657 mundi
2174 1583 2385 1681 poliS.
2464 1581 2683 1657 Unde

599 1698 700 1772 sit
726 1698 752 1770 ἒ

697 1809 799 1883 Β.
852 1807 1071 1882 Nosti
1128 1808 1357 1882 solem
1404 1809 1683 1882 versari
1736 1832 2027 1906 semper
2081 1808 2281 1882 intra
2333 1808 2687 1904 tropicoS,

599 1945 990 2020 aeremque
1024 1946 1070 1995 a
1105 1945 1184 1996 se
1217 1946 1506 2019 semper
1563 1923 1682 2004 (ut
1736 1922 2280 2020 supposuimus)
2322 1946 2368 1995 a
2401 1945 2478 1995 se
2511 1922 2686 2017 reji-

600 2059 792 2125 cere,
822 2048 1043 2131 atque
1078 2035 1304 2108 etiam
1337 2036 1532 2110 idem
1567 2037 1810 2110 facere
1847 2047 2145 2109 terram.
2232 2036 2490 2132 Itaque
2522 2034 2687 2107 fieri

600 2173 754 2223 non
786 2159 1029 2244 potest
1063 2148 1240 2244 quin
1286 2150 1379 2222 ab
1420 2160 1738 2246 utroque
1772 2173 2083 2246 magnus
2116 2160 2462 2223 nascatur
2494 2149 2687 2222 aeris

602 2273 849 2335 motus
882 2284 1136 2335 versus
1190 2273 1586 2359 utrumque
1646 2263 1921 2361 polum,
1955 2263 2417 2360 superficiem
2469 2272 2687 2334 terrae

603 2385 680 2448 et
712 2373 935 2447 maris
970 2396 1257 2469 semper
1288 2374 1580 2448 radens.
1686 2376 1804 2449 Ab
1866 2375 2004 2448 hac
2051 2375 2340 2448 rasione
2387 2396 2689 2447 necesse

605 2498 722 2560 est
753 2496 840 2558 ut
871 2496 1118 2582 partes
1151 2483 1294 2556 illae
1330 2497 1546 2559 terrae
1584 2498 1662 2560 et
1692 2511 1903 2586 ,aquae
1937 2487 2268 2561 circellos
2302 2510 2469 2560 suos
2502 2508 2688 2583 quos

603 2599 888 2673 faciunt
918 2599 1379 2689 contrahant,
1402 2601 1481 2675 id
1506 2601 1704 2697 quod
1731 2614 1844 2675 est
1870 2600 2305 2675 durescere:
2341 2613 2416 2675 et
2448 2601 2689 2698 primo

609 2710 902 2809 quidem
956 2710 1037 2785 in
1092 2713 1476 2809 superficie
1532 2714 1931 2788 cuticulam
1981 2713 2312 2805 induere,
2361 2738 2526 2810 quae
2574 2726 2692 2787 est

606 2823 881 2921 glacies
924 2823 1204 2921 prima:
1255 2836 1510 2921 postea
1542 2850 1746 2917 vero,
1789 2826 2049 2901 eodem
2098 2838 2306 2901 motu
2353 2849 2691 2922 perseve-

608 2948 845 3028 rante,
882 2938 1277 3012 cuticulam
1312 2939 1532 3013 aliam
1566 2939 1951 3036 aliamque,
1980 2953 2424 3037 cooperante
2468 2939 2692 3014 etiam

608 3052 845 3150 glacie
889 3052 1170 3149 prima:
1226 3052 1464 3127 donec
1510 3052 1813 3128 tandem
1863 3053 2126 3128 evadat
2173 3054 2447 3152 glacies
2495 3077 2695 3127 cras·

610 3188 917 3240 sissima.
969 3235 972 3238 ,

715 3278 813 3354 Α.
869 3277 948 3353 Si
978 3279 1086 3353 ita
1119 3290 1255 3368 est,
1303 3304 1455 3354 non
1499 3303 1684 3378 opus
1731 3289 1847 3355 est
1901 3291 1990 3354 ut
2037 3280 2512 3377 interrogem,
2546 3303 2693 3376 quo

611 3401 832 3489 pacto
866 3393 999 3465 fiat
1030 3404 1119 3466 ut
1151 3416 1364 3489 aquae
1409 3417 1677 3468 urceus
1710 3419 1756 3468 a
1788 3394 1959 3468 nive
2003 3393 2138 3467 sali
2182 3394 2437 3484 mixta,
2470 3393 2696 3467 etiam

613 3515 895 3594 aestate,
923 3528 1074 3578 non
1108 3507 1369 3601 procul
1401 3508 1495 3581 ab
1530 3508 1703 3604 igne
1737 3507 2193 3604 congeletur.
2297 3507 2464 3581 Sale
2499 3506 2697 3579 enim

613 3628 693 3691 et
734 3617 902 3691 nive
952 3615 1382 3694 circundato
1431 3644 1682 3712 urceo,
1717 3645 1759 3695 e
1790 3619 2362 3718 liquescentibus
2396 3619 2537 3693 illis
2570 3643 2701 3694 aer

613 3730 768 3804 sive
827 3741 1092 3804 ventus
1163 3733 1617 3829 exprimitur,
1688 3734 1815 3831 qui
1880 3735 2148 3808 radens
2206 3733 2701 3830 undequaque

611 3843 817 3917 urcei
852 3844 1312 3941 superficiem
1347 3847 1719 3938 extimam,
1756 3860 2040 3922 motum
2073 3847 2396 3944 partium
2430 3848 2586 3944 ejus
2619 3848 2698 3920 in

615 3957 854 4053 spatia
905 3957 1226 4032 arctiora
1277 3959 1590 4057 redigit:
1645 3973 1722 4035 et
1773 3961 1879 4035 sic
1922 3960 2215 4036 actione
2259 3959 2356 4034 ad
2407 3959 2698 4034 interna

612 4081 1042 4168 propagata,
1079 4095 1272 4168 aqua
1315 4073 1616 4147 tandem
1652 4097 1818 4172 quae
1861 4074 2064 4148 intus
2100 4083 2214 4147 est
2270 4072 2695 4147 indurescit.

616 4182 767 4256 Sed
800 4184 996 4258 unde
1030 4186 1397 4285 contingit
1419 4197 1507 4262 ut
1531 4211 1723 4285 aqua
1752 4188 1831 4263 in
1862 4197 2092 4286 puteo
2124 4184 2493 4284 profundo
2527 4207 2696 4260 raro

487 4369 496 4376 .
615 4296 1107 4394 congeletur?
