3094 5125
720 473 816 539 86
1151 489 1691 544 EXAmNA‘l-io
1733 492 1836 544 m·
1872 492 2370 545 amanum-10

330 676 633 720 unrocus
824 655 922 729 B.
978 655 1180 731 Quid
1210 657 1235 729 ?
1285 658 1495 732 Tune
1529 658 1918 755 sphaeram,
1946 683 2240 750 conum,
2274 671 2353 734 et
2387 659 2816 756 cylindrum

346 759 633 866 ss
717 769 905 842 bene
974 769 1263 843 definiri
1330 770 1708 844 existimas
1773 796 1907 867 per
1972 782 2256 846 motum
2341 772 2818 864 semicirculi,

716 882 1406 979 parallelogrammi,
1491 895 1570 956 et
1647 884 1997 981 trianguli
2058 909 2280 982 super
2346 885 2819 981 quiescentes

716 994 943 1071 axes?

816 1107 912 1182 A.
968 1108 1299 1185 Quidni?

820 1223 919 1296 B.
970 1222 1091 1294 An
1135 1222 1513 1295 stellarum
1545 1222 1860 1294 fixarum
1892 1222 2010 1296 vel
2058 1223 2451 1320 cujuslibet
2493 1226 2820 1320 planetae

721 1336 1085 1431 sphaeram
1139 1335 1584 1431 descriptam
1648 1335 1873 1409 fuisse
1938 1349 2158 1432 putas
2217 1362 2264 1411 a
2329 1339 2820 1414 conversione

722 1448 1161 1523 semicirculi
1193 1449 1218 1521 ?
1309 1448 1685 1540 Similiter,
1716 1473 1889 1523 axes
1924 1450 2189 1523 horum
2225 1474 2652 1548 corporum,
2689 1455 2818 1551 qui

724 1562 1176 1636 definiuntur
1219 1562 1311 1636 ab
1359 1561 1665 1635 Euclide
1711 1587 1844 1660 per
1898 1573 2179 1636 rectam
2240 1563 2519 1638 lineam
2573 1567 2816 1663 quies-

724 1686 997 1749 centem
1018 1703 1046 1759 ;
1099 1699 1347 1749 nonne
1381 1696 1557 1749 axes
1593 1687 1789 1765 sunt,
1820 1677 2281 1751 etiamsinon
2319 1678 2814 1773 quiescerent,

723 1790 852 1863 sed
888 1813 1325 1887 quocunque
1350 1789 1724 1864 ferrentur
1749 1813 2061 1888 corpora
2086 1791 2267 1888 ipsa,
2292 1816 2612 1888 quorum
2640 1816 2816 1866 axes

724 1915 920 1993 sunt,
955 1903 1325 1978 ferrentur
1357 1902 1554 1976 una?

822 2021 922 2092 A.
975 2018 1089 2091 Tu
1123 2019 1418 2091 firmum
1452 2018 1595 2091 hoc
1629 2028 2145 2113 argumentum
2180 2040 2340 2090 esse
2375 2018 2671 2092 credis?

829 2132 925 2206 B.
981 2134 1116 2206 Ita.
1213 2133 1308 2206 Et
1343 2130 1601 2204 eodem
1636 2153 1811 2203 usus
1845 2143 1961 2204 est
1993 2129 2392 2204 wallisius,

824 2246 921 2318 A.
976 2245 1447 2319 Professorne
1505 2243 1917 2317 Savilianus
1971 2243 2511 2340 reprehendere
2571 2244 2817 2318 Eucli-

726 2360 896 2433 dem
932 2381 1149 2431 ausus
1184 2355 1344 2429 est?

823 2473 923 2544 B.
981 2470 1154 2543 Non
1189 2468 1572 2542 Euclidem
1604 2468 2099 2567 reprehendit,
2136 2470 2266 2543 sed
2302 2470 2709 2543 Hobbium.

827 2586 925 2659 A.
976 2584 1216 2657 Etiam
1256 2583 1663 2669 Euclidem,
1698 2583 1759 2656 si
1793 2583 2013 2657 modo
2056 2583 2319 2657 eodem
2369 2597 2813 2680 argumento

725 2708 984 2772 contra
1017 2709 1412 2794 utrumque
1446 2697 1559 2771 uti
1594 2697 1859 2793 potuit.

828 2811 927 2884 B.
979 2811 1180 2883 Esto.
1290 2810 1436 2883 Sed
1485 2833 1656 2882 cum
1712 2810 1982 2883 lineam
2037 2810 2412 2885 definisset
2471 2811 2816 2885 Hobbius

726 2949 883 3000 esse
930 2926 1280 3021 corporiS,
1329 2926 1538 3022 cujus
1588 2924 1792 2997 nulla
1845 2924 2356 2998 consideratur
2412 2926 2814 3020 quantitas,

725 3039 908 3113 moti
944 3039 1111 3112 via:
1166 3035 1348 3135 quid
1393 3060 1580 3134 opus
1614 3045 1751 3125 est,
1801 3037 2044 3134 inquit
2075 3036 2469 3127 Wallisius,
2521 3039 2819 3111 notione

724 3163 992 3243 motus,
1061 3160 1144 3225 ut
1211 3149 1390 3248 quid
1441 3150 1547 3222 sit
1600 3148 1798 3223 linea
1866 3149 2410 3249 intelligatur?
2547 3152 2819 3225 Annon

727 3266 939 3340 lineoe
972 3264 1276 3364 corpori
1311 3262 1710 3360 quiescenti
1755 3262 2020 3350 insunt,
2059 3263 2237 3336 &c.?
2343 3263 2629 3336 Pariter
2677 3288 2816 3361 ego

728 3379 895 3453 dico
931 3380 1091 3470 tibi,
1129 3377 1307 3476 quid
1344 3401 1527 3474 opus
1564 3387 1676 3450 est
1713 3376 2092 3450 nominare
2125 3388 2429 3466 motum,
2464 3386 2552 3449 ut
2601 3378 2820 3451 intel-

727 3491 999 3589 ligatur
1062 3491 1237 3588 quid
1296 3491 1394 3564 sit
1446 3487 1787 3587 sphaera?
1890 3490 2159 3563 Annon
2217 3501 2465 3587 potest
2521 3490 2817 3586 concipi

728 3606 1111 3702 quiescens
1146 3602 1644 3678 semicirculus
1676 3603 1753 3676 in
1789 3601 2124 3698 sphaera?

832 3719 929 3792 A.
985 3717 1064 3791 Si
1111 3717 1233 3790 ille
1288 3716 1691 3804 Hobbium,
1749 3715 1972 3789 etiam
2024 3726 2110 3788 tu
2165 3715 2551 3789 Euclidem
2610 3729 2816 3790 recte

728 3829 1290 3928 reprehendisti.
1395 3829 1542 3902 Sed
1588 3828 1888 3902 errastis
1938 3829 2180 3916 ambo,
2225 3831 2642 3904 nescientes
2687 3854 2817 3903 na-

730 3957 975 4020 turam
1011 3944 1477 4017 definitioniS.
1568 3943 1835 4017 Nonne
1871 3955 2044 4017 sunt
2079 3943 2545 4018 definitiones
2582 3944 2816 4018 scien-

729 4061 1000 4135 tiarum
1033 4057 1448 4155 principia?

835 4173 935 4246 B.
990 4171 1202 4245 Sunt.

831 4284 926 4358 A.
977 4285 1074 4358 Et
1140 4282 1377 4358 omnis
1446 4282 1755 4358 scientia
1819 4307 1866 4357 a
1932 4281 2353 4379 cognitione
2428 4305 2813 4359 causarum

734 4398 1134 4473 derivanda
1157 4395 1182 4469 ?
