3094 5125
1099 488 1771 544 oscum-lunum.
2327 478 2474 544 423

389 653 583 740 dam,
630 660 706 725 et
760 652 868 725 sic
921 653 1013 726 de
1060 655 1369 745 caeteris,
1417 667 1504 729 ut
1560 655 1903 730 diximus.
2007 655 2180 729 Non
2225 668 2472 730 autem
2545 685 2681 726 car.
2705 681 2841 726 xm.

385 764 735 861 intelligit
794 765 994 840 illam
1060 767 1358 864 duplam
1413 793 1574 843 esse
1626 770 1869 866 hujuS‚
1933 794 2028 844 ne
2088 770 2473 845 theorema
2527 753 2837 861 Dm

384 892 856 976 proponeret,
894 881 1095 978 quod
1132 885 1394 956 merito
1430 884 1791 980 quispiam
1826 884 2231 958 concedere
2266 909 2473 959 recu·
2527 881 2712 926 ⁰⁸¹⁰¹²¹⁰·

386 1004 604 1066 saret.
711 993 896 1068 Quis
932 995 1127 1068 enim
1162 997 1578 1089 affirmabit,
1617 999 1693 1071 in
1750 998 1863 1071 his
1916 1000 2242 1071 numeris
2294 1023 2472 1073 con-

383 1107 591 1180 tinue
619 1110 1316 1205 proportionalibuS,
1340 1121 1764 1200 25—5—1‚
1790 1111 2351 1208 proportionem
2373 1120 2469 1186 25

384 1222 480 1295 ad
525 1232 553 1295 l
600 1223 897 1319 duplam
932 1248 1090 1299 esse
1124 1226 1625 1323 proportionis
1675 1234 1770 1299 25
1822 1225 1918 1298 ad
1971 1234 2065 1298 5:
2123 1249 2294 1298 cum
2342 1249 2474 1322 po-

383 1333 531 1408 tius
565 1359 730 1409 eam
765 1337 926 1431 quis
961 1337 1231 1414 dixerit
1265 1362 1424 1412 esse
1461 1338 1930 1435 quintuplam
1960 1338 2032 1411 ?”

484 1449 571 1522 In
607 1449 749 1523 illis
800 1451 926 1547 qui
976 1464 1266 1547 putant,
1302 1453 1561 1548 positis
1609 1452 1848 1525 tribus
1901 1450 2251 1524 continue
2300 1473 2473 1546 pro-

381 1562 940 1659 portionalibus,
975 1566 1339 1639 rationem
1389 1566 1609 1662 primi
1664 1565 1760 1638 ad
1814 1565 2115 1638 tertium
2172 1563 2472 1660 duplam

383 1698 540 1749 esse
608 1677 914 1751 rationis
980 1679 1199 1774 primi
1269 1680 1362 1753 ad
1433 1679 1839 1753 secundum
1869 1709 1888 1762 ;
1961 1678 2141 1751 item
2207 1675 2471 1773 positis

384 1800 701 1885 quatuor
736 1792 1434 1888 proportionalibus,
1470 1793 1830 1866 rationem
1863 1791 2083 1888 primi
2118 1790 2214 1864 ad
2249 1811 2472 1885 quar-

383 1913 541 1975 tum
577 1904 875 1999 triplam
910 1928 1067 1977 esse
1112 1905 1330 2001 primi
1364 1904 1461 1978 ad
1510 1905 1942 1993 secundum,
1975 1905 2103 1978 ubi
2148 1903 2471 2000 primum

384 2029 497 2088 est
543 2017 867 2089 omnium
907 2018 1351 2090 maximum:
1410 2018 1633 2091 etiam
1670 2041 1807 2113 ego
1843 2041 2029 2091 sum.
2132 2014 2470 2110 Exempli

376 2129 670 2224 gratia:
733 2130 810 2203 in
842 2131 954 2203 his
983 2130 1328 2221 numeris,
1359 2137 1799 2204 8-4—2-
1820 2139 1885 2219 1,
1915 2130 2080 2203 dico
2106 2129 2470 2202 rationem

374 2250 428 2314 -8
463 2240 559 2315 ad
603 2253 631 2317 1
676 2266 832 2316 esse
866 2242 1161 2340 triplam
1212 2242 1522 2317 rationis
1558 2249 1604 2316 8
1639 2243 1735 2316 ad
1769 2254 1812 2316 4
1843 2275 1863 2327 ;
1919 2254 1995 2317 et
2040 2241 2465 2339 sesquialte-

380 2380 536 2429 ram
575 2358 881 2431 rationis
917 2365 963 2430 8
1011 2357 1107 2431 ad
1141 2366 1186 2430 2
1221 2387 1240 2442 ;
1295 2368 1371 2429 et
1416 2357 1780 2432 rationem
1832 2365 1879 2432 8
1931 2357 2026 2431 ad
2074 2366 2119 2430 2
2170 2354 2471 2452 duplam

379 2492 537 2543 esse
570 2470 879 2545 rationis
916 2480 961 2545 8
996 2470 1093 2544 ad
1127 2480 1198 2543 4.
1305 2470 1479 2544 Non
1514 2470 1754 2543 solum
1783 2470 1957 2568 quia
1989 2468 2333 2542 Euclides
2360 2490 2472 2539 ra-

381 2584 619 2657 tiones
668 2583 830 2658 illas
885 2584 1293 2681 triplicatas
1326 2585 1446 2659 vel
1496 2584 1908 2681 duplicatas
1954 2582 2304 2680 appellat,
2340 2580 2474 2654 sed

368 2696 558 2791 ‘quia
589 2720 845 2769 verum
883 2711 1021 2786 est,
1058 2711 1135 2771 et
1168 2698 1443 2772 lumine
1487 2699 1805 2772 naturali
1861 2721 2071 2794 aeque
2129 2694 2474 2770 manifes-

381 2822 542 2883 tum
578 2834 667 2884 ac
699 2834 929 2884 unum
966 2822 1041 2885 et
1074 2835 1306 2885 unum
1340 2835 1496 2886 esse
1533 2813 1705 2900 duo,
1740 2824 1872 2886 aut
1918 2835 2152 2884 unum
2201 2820 2278 2883 et
2319 2807 2471 2881 duo

368 2946 544 2996 esse
578 2922 744 2997 tria.

366 3073 373 3078 ·
481 3037 643 3112 Vox
672 3061 818 3134 qua
833 3036 1071 3111 utitur
1095 3038 1429 3112 hocloco
1456 3036 1825 3128 EuclideS,
1846 3061 2112 3134 nempe
2137 3049 2469 3134 διπλασίων,

369 3143 457 3225 -et
491 3153 806 3226 vertitur
841 3176 887 3224 a
921 3150 1174 3226 Clavio
1217 3151 1633 3249 duplicata,
1671 3152 1832 3225 aliis
1882 3152 1961 3224 in
2014 3151 2194 3225 locis
2233 3153 2472 3230 utitur

377 3289 512 3362 pro
550 3265 796 3361 dupla.
901 3265 1144 3338 Primo
1198 3264 1275 3337 in
1312 3265 1528 3360 Prop.
1567 3272 1687 3339 20.
1730 3265 1964 3338 Elem.
2000 3264 2100 3337 iii.
2206 3266 2470 3365 Itaque

376 3380 688 3477 angulus
722 3381 800 3452 in
832 3390 1112 3467 centro,
1139 3403 1289 3452 non
1323 3377 1569 3452 minus
1602 3378 1871 3453 dicitur
1898 3378 2313 3475 duplicatus
2336 3406 2468 3455 an-

377 3493 532 3589 guli
567 3494 643 3567 in
677 3491 1294 3580 circumferentia,
1331 3515 1552 3588 quam
1588 3491 1876 3588 duplus.
1948 3493 2190 3566 Etiam
2219 3518 2264 3566 a
2300 3495 2467 3569 Cla-

376 3606 497 3679 vio
530 3605 844 3679 vertitur
876 3629 1020 3678 vox
1073 3605 1199 3679 illa
1231 3604 1490 3677 Graeca
1526 3615 1835 3675 διπλασίων
1868 3628 2017 3677 non
2065 3606 2282 3679 modo
2331 3631 2466 3703 per

378 3718 684 3817 duplex,
718 3719 848 3792 sed
883 3719 1107 3792 etiam
1142 3742 1275 3815 per
1309 3716 1581 3816 duplus
1605 3746 1632 3801 ‚-
1669 3718 1746 3790 in
1772 3719 2275 3815 propositione
2304 3721 2465 3816 ipsa

376 3845 455 3905 et
488 3833 562 3904 in
602 3833 1069 3906 conclusione
1102 3856 1238 3930 per
1274 3831 1579 3930 duplex,
1616 3831 1897 3905 scilicet
1933 3856 2028 3906 ne
2075 3832 2462 3908 dissentire

373 3944 750 4020 videretur
781 3946 1184 4043 propositio
1218 3970 1264 4019 a
1302 3946 1772 4020 conclusione
1803 3976 1822 4030 ς
1876 3946 2005 4019 sed
2038 3946 2115 4019 in
2164 3946 2466 4021 demon-

359 4059 753 4148 stratione,
789 4083 923 4155 per
959 4059 1253 4158 duplus.
1313 4059 1391 4133 Si
1430 4083 1609 4156 ergo
1640 4058 2122 4157 duplicatum,
2163 4057 2463 4157 duplex,

356 4184 451 4245 .-et
484 4171 818 4270 duplum,
864 4173 943 4245 in
990 4173 1524 4268 quantitatibus
1574 4195 1724 4245 non
1770 4170 1968 4244 idem
2016 4169 2464 4265 significant,

352 4309 525 4359 ·non
552 4285 808 4358 debuit
841 4285 983 4358 illis
1019 4286 1129 4358 uti
1164 4298 1251 4358 ut
1286 4285 1484 4358 idem
1520 4282 2127 4381 significantibus·

476 4399 761 4473 Rursus
803 4398 882 4473 in
934 4398 1441 4496 propositione
1489 4398 1752 4473 ultima
1802 4396 2035 4472 Elem.
2074 4397 2171 4485 ix,
2204 4399 2465 4478 eadem
