<?xml version="1.0" encoding="UTF-8"?>
<!DOCTYPE html PUBLIC "-//W3C//DTD XHTML 1.0 Transitional//EN"
    "http://www.w3.org/TR/xhtml1/DTD/xhtml1-transitional.dtd">
<html xmlns="http://www.w3.org/1999/xhtml" xml:lang="en" lang="en">
 <head>
  <title>
</title>
<meta http-equiv="Content-Type" content="text/html;charset=utf-8" />
  <meta name='ocr-system' content='tesseract 3.04.00' />
  <meta name='ocr-capabilities' content='ocr_page ocr_carea ocr_par ocr_line ocrx_word'/>
</head>
<body>
  <div class='ocr_page' id='page_1' title='image "./thomhobbesmalme02molegoog_0341.png"; bbox 0 0 3094 5125; ppageno 0'>
   <div class='ocr_carea' id='block_1_1' title="bbox 956 475 2494 545">
    <p class='ocr_par' dir='ltr' id='par_1_1' title="bbox 956 475 2494 545">
     <span class='ocr_line' id='line_1_1' title="bbox 956 475 2494 545; baseline 0 -4"><span class='ocrx_word' id='word_1_1' title='bbox 956 488 1517 543; x_wconf 77' lang='lat' dir='ltr'><strong>PROBLEMATA</strong></span> <span class='ocrx_word' id='word_1_2' title='bbox 1556 490 1943 545; x_wconf 77' lang='lat' dir='ltr'><strong>Panch.</strong></span> <span class='ocrx_word' id='word_1_3' title='bbox 2346 475 2494 543; x_wconf 83' lang='lat'><strong>329</strong></span> 
     </span>
    </p>
   </div>
   <div class='ocr_carea' id='block_1_2' title="bbox 404 653 2505 4379">
    <p class='ocr_par' dir='ltr' id='par_1_2' title="bbox 404 653 2502 1183">
     <span class='ocr_line' id='line_1_2' title="bbox 408 653 2497 755; baseline 0.001 -28"><span class='ocrx_word' id='word_1_4' title='bbox 408 653 622 751; x_wconf 88' lang='lat' dir='ltr'><strong>quale</strong></span> <span class='ocrx_word' id='word_1_5' title='bbox 656 666 768 729; x_wconf 88' lang='lat' dir='ltr'><strong>est</strong></span> <span class='ocrx_word' id='word_1_6' title='bbox 799 668 1173 752; x_wconf 85' lang='lat' dir='ltr'><strong>spectrum</strong></span> <span class='ocrx_word' id='word_1_7' title='bbox 1203 689 1222 741; x_wconf 90' lang='lat'>;</span> <span class='ocrx_word' id='word_1_8' title='bbox 1269 657 1504 755; x_wconf 88' lang='lat' dir='ltr'><strong>qualis</strong></span> <span class='ocrx_word' id='word_1_9' title='bbox 1531 667 1645 731; x_wconf 87' lang='lat' dir='ltr'><strong>est</strong></span> <span class='ocrx_word' id='word_1_10' title='bbox 1678 656 1967 731; x_wconf 86' lang='lat' dir='ltr'><strong>macula</strong></span> <span class='ocrx_word' id='word_1_11' title='bbox 1990 668 2164 730; x_wconf 89' lang='lat' dir='ltr'><strong>ante</strong></span> <span class='ocrx_word' id='word_1_12' title='bbox 2201 656 2497 730; x_wconf 89' lang='lat' dir='ltr'><strong>oculum</strong></span> 
     </span>
     <span class='ocr_line' id='line_1_3' title="bbox 407 769 2498 867; baseline 0.001 -26"><span class='ocrx_word' id='word_1_13' title='bbox 407 793 453 842; x_wconf 93' lang='lat' dir='ltr'><strong>a</strong></span> <span class='ocrx_word' id='word_1_14' title='bbox 486 782 880 866; x_wconf 85' lang='lat' dir='ltr'><strong>conspecto</strong></span> <span class='ocrx_word' id='word_1_15' title='bbox 917 771 1092 857; x_wconf 85' lang='lat' dir='ltr'><strong>sole,</strong></span> <span class='ocrx_word' id='word_1_16' title='bbox 1119 772 1234 844; x_wconf 86' lang='lat' dir='ltr'><strong>vel</strong></span> <span class='ocrx_word' id='word_1_17' title='bbox 1269 772 1441 867; x_wconf 90' lang='lat' dir='ltr'><strong>igne</strong></span> <span class='ocrx_word' id='word_1_18' title='bbox 1476 771 2001 855; x_wconf 84' lang='lat' dir='ltr'><strong>candescente3</strong></span> <span class='ocrx_word' id='word_1_19' title='bbox 2040 769 2256 867; x_wconf 90' lang='lat' dir='ltr'><strong>quale</strong></span> <span class='ocrx_word' id='word_1_20' title='bbox 2293 771 2498 843; x_wconf 89' lang='lat' dir='ltr'><strong>deni-</strong></span> 
     </span>
     <span class='ocr_line' id='line_1_4' title="bbox 408 884 2500 978; baseline 0.002 -24"><span class='ocrx_word' id='word_1_21' title='bbox 408 906 549 978; x_wconf 91' lang='lat' dir='ltr'><strong>que</strong></span> <span class='ocrx_word' id='word_1_22' title='bbox 585 896 699 955; x_wconf 86' lang='lat' dir='ltr'><strong>est</strong></span> <span class='ocrx_word' id='word_1_23' title='bbox 735 884 1126 957; x_wconf 90' lang='lat' dir='ltr'><strong>somnium.</strong></span> <span class='ocrx_word' id='word_1_24' title='bbox 1233 885 1424 958; x_wconf 88' lang='lat' dir='ltr'><strong>Sunt</strong></span> <span class='ocrx_word' id='word_1_25' title='bbox 1458 885 1657 958; x_wconf 90' lang='lat' dir='ltr'><strong>enim</strong></span> <span class='ocrx_word' id='word_1_26' title='bbox 1691 885 1851 958; x_wconf 84' lang='lat' dir='ltr'><strong>haec</strong></span> <span class='ocrx_word' id='word_1_27' title='bbox 1880 886 2128 957; x_wconf 88' lang='lat' dir='ltr'><strong>omnia</strong></span> <span class='ocrx_word' id='word_1_28' title='bbox 2163 885 2297 957; x_wconf 89' lang='lat' dir='ltr'><strong>sub</strong></span> <span class='ocrx_word' id='word_1_29' title='bbox 2327 908 2500 958; x_wconf 87' lang='lat' dir='ltr'><strong>vex-</strong></span> 
     </span>
     <span class='ocr_line' id='line_1_5' title="bbox 406 995 2502 1094; baseline 0.002 -27"><span class='ocrx_word' id='word_1_30' title='bbox 406 995 531 1068; x_wconf 90' lang='lat' dir='ltr'><strong>illo</strong></span> <span class='ocrx_word' id='word_1_31' title='bbox 565 995 999 1091; x_wconf 75' lang='lat' dir='ltr'><strong>phantasiae,</strong></span> <span class='ocrx_word' id='word_1_32' title='bbox 1027 997 1246 1071; x_wconf 89' lang='lat' dir='ltr'><strong>nullis</strong></span> <span class='ocrx_word' id='word_1_33' title='bbox 1280 996 1469 1072; x_wconf 83' lang='lat' dir='ltr'><strong>fulta</strong></span> <span class='ocrx_word' id='word_1_34' title='bbox 1501 998 1958 1094; x_wconf 82' lang='lat' dir='ltr'><strong>corporibuS,</strong></span> <span class='ocrx_word' id='word_1_35' title='bbox 1986 997 2172 1070; x_wconf 92' lang='lat' dir='ltr'><strong>nulli</strong></span> <span class='ocrx_word' id='word_1_36' title='bbox 2208 998 2502 1094; x_wconf 87' lang='lat' dir='ltr'>corpori</span> 
     </span>
     <span class='ocr_line' id='line_1_6' title="bbox 404 1108 821 1183; baseline 0.007 -3"><span class='ocrx_word' id='word_1_37' title='bbox 404 1108 821 1183; x_wconf 79' lang='lat' dir='ltr'><strong>insidentia.</strong></span> 
     </span>
    </p>

    <p class='ocr_par' dir='ltr' id='par_1_3' title="bbox 408 1221 2503 1544">
     <span class='ocr_line' id='line_1_7' title="bbox 509 1221 2503 1320; baseline 0.002 -27"><span class='ocrx_word' id='word_1_38' title='bbox 509 1221 608 1294; x_wconf 82' lang='lat' dir='ltr'><strong>A.</strong></span> <span class='ocrx_word' id='word_1_39' title='bbox 665 1221 815 1295; x_wconf 91' lang='lat' dir='ltr'><strong>Cur</strong></span> <span class='ocrx_word' id='word_1_40' title='bbox 875 1234 1148 1312; x_wconf 85' lang='lat' dir='ltr'><strong>autem,</strong></span> <span class='ocrx_word' id='word_1_41' title='bbox 1205 1223 1503 1320; x_wconf 89' lang='lat' dir='ltr'><strong>quando</strong></span> <span class='ocrx_word' id='word_1_42' title='bbox 1564 1224 1796 1299; x_wconf 89' lang='lat' dir='ltr'><strong>solem</strong></span> <span class='ocrx_word' id='word_1_43' title='bbox 1854 1237 1984 1298; x_wconf 93' lang='lat' dir='ltr'><strong>aut</strong></span> <span class='ocrx_word' id='word_1_44' title='bbox 2041 1224 2318 1313; x_wconf 89' lang='lat' dir='ltr'><strong>lunam,</strong></span> <span class='ocrx_word' id='word_1_45' title='bbox 2370 1236 2503 1297; x_wconf 90' lang='lat' dir='ltr'><strong>aut</strong></span> 
     </span>
     <span class='ocr_line' id='line_1_8' title="bbox 408 1334 2503 1435; baseline 0.002 -28"><span class='ocrx_word' id='word_1_46' title='bbox 408 1334 608 1408; x_wconf 92' lang='lat' dir='ltr'><strong>aliud</strong></span> <span class='ocrx_word' id='word_1_47' title='bbox 644 1359 912 1432; x_wconf 86' lang='lat' dir='ltr'><strong>corpus</strong></span> <span class='ocrx_word' id='word_1_48' title='bbox 961 1336 1295 1427; x_wconf 86' lang='lat' dir='ltr'><strong>intueris,</strong></span> <span class='ocrx_word' id='word_1_49' title='bbox 1332 1360 1480 1411; x_wconf 93' lang='lat' dir='ltr'><strong>non</strong></span> <span class='ocrx_word' id='word_1_50' title='bbox 1513 1338 1643 1411; x_wconf 89' lang='lat' dir='ltr'><strong>illa</strong></span> <span class='ocrx_word' id='word_1_51' title='bbox 1688 1361 1981 1434; x_wconf 88' lang='lat' dir='ltr'><strong>quoque</strong></span> <span class='ocrx_word' id='word_1_52' title='bbox 2016 1346 2310 1435; x_wconf 88' lang='lat' dir='ltr'><strong>spectra</strong></span> <span class='ocrx_word' id='word_1_53' title='bbox 2341 1361 2503 1411; x_wconf 86' lang='lat' dir='ltr'><strong>esse</strong></span> 
     </span>
     <span class='ocr_line' id='line_1_9' title="bbox 409 1446 1349 1544; baseline 0.002 -25"><span class='ocrx_word' id='word_1_54' title='bbox 409 1446 634 1537; x_wconf 68' lang='lat' dir='ltr'><strong>dicas»,</strong></span> <span class='ocrx_word' id='word_1_55' title='bbox 671 1459 744 1521; x_wconf 85' lang='lat' dir='ltr'><strong>et</strong></span> <span class='ocrx_word' id='word_1_56' title='bbox 779 1448 1349 1544; x_wconf 78' lang='lat' dir='ltr'><strong>phantasmata?</strong></span> 
     </span>
    </p>

    <p class='ocr_par' dir='ltr' id='par_1_4' title="bbox 409 1561 2503 2771">
     <span class='ocr_line' id='line_1_10' title="bbox 508 1561 2501 1660; baseline 0.002 -26"><span class='ocrx_word' id='word_1_57' title='bbox 508 1562 604 1634; x_wconf 90' lang='lat' dir='ltr'><strong>B.</strong></span> <span class='ocrx_word' id='word_1_58' title='bbox 658 1561 904 1635; x_wconf 90' lang='lat' dir='ltr'><strong>Etiam</strong></span> <span class='ocrx_word' id='word_1_59' title='bbox 938 1562 1230 1635; x_wconf 89' lang='lat' dir='ltr'><strong>illorum</strong></span> <span class='ocrx_word' id='word_1_60' title='bbox 1264 1562 1759 1659; x_wconf 83' lang='lat' dir='ltr'><strong>apparitiones</strong></span> <span class='ocrx_word' id='word_1_61' title='bbox 1792 1565 2308 1660; x_wconf 88' lang='lat' dir='ltr'><strong>phantasmata</strong></span> <span class='ocrx_word' id='word_1_62' title='bbox 2342 1587 2501 1638; x_wconf 86' lang='lat' dir='ltr'><strong>esse</strong></span> 
     </span>
     <span class='ocr_line' id='line_1_11' title="bbox 409 1672 2499 1773; baseline 0.002 -26"><span class='ocrx_word' id='word_1_63' title='bbox 409 1672 597 1748; x_wconf 90' lang='lat' dir='ltr'><strong>dico.</strong></span> <span class='ocrx_word' id='word_1_64' title='bbox 703 1676 1170 1771; x_wconf 77' lang='lat' dir='ltr'><strong>Quamquam</strong></span> <span class='ocrx_word' id='word_1_65' title='bbox 1224 1677 1421 1748; x_wconf 88' lang='lat' dir='ltr'><strong>enim</strong></span> <span class='ocrx_word' id='word_1_66' title='bbox 1476 1676 1610 1765; x_wconf 90' lang='lat' dir='ltr'><strong>sol,</strong></span> <span class='ocrx_word' id='word_1_67' title='bbox 1668 1689 1754 1749; x_wconf 92' lang='lat' dir='ltr'><strong>ut</strong></span> <span class='ocrx_word' id='word_1_68' title='bbox 1809 1689 1886 1749; x_wconf 88' lang='lat' dir='ltr'><strong>et</strong></span> <span class='ocrx_word' id='word_1_69' title='bbox 1934 1701 2152 1750; x_wconf 90' lang='lat' dir='ltr'><strong>omne</strong></span> <span class='ocrx_word' id='word_1_70' title='bbox 2208 1700 2499 1773; x_wconf 76' lang='lat' dir='ltr'><strong>corpuS,</strong></span> 
     </span>
     <span class='ocr_line' id='line_1_12' title="bbox 409 1789 2502 1886; baseline 0.002 -26"><span class='ocrx_word' id='word_1_71' title='bbox 409 1789 705 1861; x_wconf 85' lang='lat' dir='ltr'><strong>realiter</strong></span> <span class='ocrx_word' id='word_1_72' title='bbox 739 1790 1009 1863; x_wconf 89' lang='lat' dir='ltr'><strong>existat</strong></span> <span class='ocrx_word' id='word_1_73' title='bbox 1033 1804 1109 1861; x_wconf 91' lang='lat' dir='ltr'><strong>et</strong></span> <span class='ocrx_word' id='word_1_74' title='bbox 1147 1801 1463 1877; x_wconf 88' lang='lat' dir='ltr'><strong>maneat,</strong></span> <span class='ocrx_word' id='word_1_75' title='bbox 1486 1789 1803 1861; x_wconf 84' lang='lat' dir='ltr'><strong>circulus</strong></span> <span class='ocrx_word' id='word_1_76' title='bbox 1829 1802 2079 1862; x_wconf 89' lang='lat' dir='ltr'><strong>tamen</strong></span> <span class='ocrx_word' id='word_1_77' title='bbox 2107 1790 2228 1862; x_wconf 91' lang='lat' dir='ltr'><strong>ille</strong></span> <span class='ocrx_word' id='word_1_78' title='bbox 2258 1791 2502 1886; x_wconf 84' lang='lat' dir='ltr'><strong>splen-</strong></span> 
     </span>
     <span class='ocr_line' id='line_1_13' title="bbox 410 1900 2501 1998; baseline 0.002 -24"><span class='ocrx_word' id='word_1_79' title='bbox 410 1900 668 1991; x_wconf 83' lang='lat' dir='ltr'><strong>didus,&#39;</strong></span> <span class='ocrx_word' id='word_1_80' title='bbox 703 1901 1231 1997; x_wconf 84' lang='lat' dir='ltr'><strong>magnitudinis</strong></span> <span class='ocrx_word' id='word_1_81' title='bbox 1292 1900 1407 1994; x_wconf 89' lang='lat' dir='ltr'><strong>(ut</strong></span> <span class='ocrx_word' id='word_1_82' title='bbox 1454 1901 1778 1996; x_wconf 90' lang='lat' dir='ltr'><strong>videtur)</strong></span> <span class='ocrx_word' id='word_1_83' title='bbox 1839 1902 2143 1998; x_wconf 80' lang='lat' dir='ltr'><strong>pedali8‚</strong></span> <span class='ocrx_word' id='word_1_84' title='bbox 2192 1903 2301 1977; x_wconf 88' lang='lat' dir='ltr'><strong>sol</strong></span> <span class='ocrx_word' id='word_1_85' title='bbox 2349 1928 2501 1978; x_wconf 92' lang='lat' dir='ltr'><strong>non</strong></span> 
     </span>
     <span class='ocr_line' id='line_1_14' title="bbox 410 2014 2500 2112; baseline 0.001 -24"><span class='ocrx_word' id='word_1_86' title='bbox 410 2027 547 2105; x_wconf 87' lang='lat' dir='ltr'><strong>est,</strong></span> <span class='ocrx_word' id='word_1_87' title='bbox 618 2016 760 2088; x_wconf 88' lang='lat' dir='ltr'><strong>nisi</strong></span> <span class='ocrx_word' id='word_1_88' title='bbox 817 2015 1063 2111; x_wconf 88' lang='lat' dir='ltr'><strong>plures</strong></span> <span class='ocrx_word' id='word_1_89' title='bbox 1132 2015 1280 2088; x_wconf 88' lang='lat' dir='ltr'><strong>sint</strong></span> <span class='ocrx_word' id='word_1_90' title='bbox 1345 2014 1560 2087; x_wconf 80' lang='lat' dir='ltr'><strong>soles,</strong></span> <span class='ocrx_word' id='word_1_91' title='bbox 1666 2014 1860 2088; x_wconf 89' lang='lat' dir='ltr'><strong>Nam</strong></span> <span class='ocrx_word' id='word_1_92' title='bbox 1919 2016 1998 2088; x_wconf 91' lang='lat' dir='ltr'><strong>in</strong></span> <span class='ocrx_word' id='word_1_93' title='bbox 2056 2016 2266 2089; x_wconf 87' lang='lat' dir='ltr'><strong>vitris</strong></span> <span class='ocrx_word' id='word_1_94' title='bbox 2335 2040 2500 2112; x_wconf 89' lang='lat' dir='ltr'><strong>quae</strong></span> 
     </span>
     <span class='ocr_line' id='line_1_15' title="bbox 413 2127 2501 2226; baseline 0.001 -25"><span class='ocrx_word' id='word_1_95' title='bbox 413 2129 730 2225; x_wconf 88' lang='lat' dir='ltr'><strong>speeiem</strong></span> <span class='ocrx_word' id='word_1_96' title='bbox 752 2128 1272 2224; x_wconf 89' lang='lat' dir='ltr'><strong>multiplicant,</strong></span> <span class='ocrx_word' id='word_1_97' title='bbox 1294 2127 1584 2201; x_wconf 88' lang='lat' dir='ltr'><strong>videres</strong></span> <span class='ocrx_word' id='word_1_98' title='bbox 1610 2128 1874 2225; x_wconf 82' lang='lat' dir='ltr'><strong>viginti</strong></span> <span class='ocrx_word' id='word_1_99' title='bbox 1897 2129 2111 2219; x_wconf 69' lang='lat' dir='ltr'><strong>soles»,</strong></span> <span class='ocrx_word' id='word_1_100' title='bbox 2133 2128 2197 2203; x_wconf 89' lang='lat' dir='ltr'><strong>si</strong></span> <span class='ocrx_word' id='word_1_101' title='bbox 2223 2131 2501 2226; x_wconf 84' lang='lat' dir='ltr'><strong>speeies</strong></span> 
     </span>
     <span class='ocr_line' id='line_1_16' title="bbox 409 2242 2499 2339; baseline 0.001 -24"><span class='ocrx_word' id='word_1_102' title='bbox 409 2242 534 2317; x_wconf 91' lang='lat' dir='ltr'><strong>illa</strong></span> <span class='ocrx_word' id='word_1_103' title='bbox 570 2254 762 2316; x_wconf 86' lang='lat' dir='ltr'><strong>esset</strong></span> <span class='ocrx_word' id='word_1_104' title='bbox 788 2243 942 2339; x_wconf 89' lang='lat' dir='ltr'><strong>ipse</strong></span> <span class='ocrx_word' id='word_1_105' title='bbox 968 2243 1095 2315; x_wconf 88' lang='lat' dir='ltr'><strong>sol.</strong></span> <span class='ocrx_word' id='word_1_106' title='bbox 1202 2243 1337 2315; x_wconf 88' lang='lat' dir='ltr'><strong>Est</strong></span> <span class='ocrx_word' id='word_1_107' title='bbox 1364 2242 1535 2315; x_wconf 85' lang='lat' dir='ltr'><strong>solis</strong></span> <span class='ocrx_word' id='word_1_108' title='bbox 1564 2242 1925 2339; x_wconf 88' lang='lat' dir='ltr'><strong>apparitio</strong></span> <span class='ocrx_word' id='word_1_109' title='bbox 1947 2255 2261 2339; x_wconf 87' lang='lat' dir='ltr'><strong>utroque</strong></span> <span class='ocrx_word' id='word_1_110' title='bbox 2285 2244 2499 2317; x_wconf 84' lang='lat' dir='ltr'><strong>oculo</strong></span> 
     </span>
     <span class='ocr_line' id='line_1_17' title="bbox 413 2356 2502 2453; baseline 0.001 -24"><span class='ocrx_word' id='word_1_111' title='bbox 413 2380 567 2431; x_wconf 89' lang='lat' dir='ltr'><strong>sua.</strong></span> <span class='ocrx_word' id='word_1_112' title='bbox 672 2358 863 2431; x_wconf 89' lang='lat' dir='ltr'><strong>Item</strong></span> <span class='ocrx_word' id='word_1_113' title='bbox 914 2380 1063 2429; x_wconf 92' lang='lat' dir='ltr'><strong>uno</strong></span> <span class='ocrx_word' id='word_1_114' title='bbox 1116 2356 1330 2429; x_wconf 88' lang='lat' dir='ltr'><strong>oculo</strong></span> <span class='ocrx_word' id='word_1_115' title='bbox 1374 2356 1677 2453; x_wconf 88' lang='lat' dir='ltr'><strong>paulum</strong></span> <span class='ocrx_word' id='word_1_116' title='bbox 1726 2356 2050 2447; x_wconf 90' lang='lat' dir='ltr'><strong>detorto,</strong></span> <span class='ocrx_word' id='word_1_117' title='bbox 2102 2356 2250 2430; x_wconf 91' lang='lat' dir='ltr'><strong>duo</strong></span> <span class='ocrx_word' id='word_1_118' title='bbox 2310 2357 2502 2431; x_wconf 87' lang='lat' dir='ltr'><strong>fiunt</strong></span> 
     </span>
     <span class='ocr_line' id='line_1_18' title="bbox 411 2468 2502 2559; baseline -0 -15"><span class='ocrx_word' id='word_1_119' title='bbox 411 2472 599 2544; x_wconf 88' lang='lat' dir='ltr'><strong>soles</strong></span> <span class='ocrx_word' id='word_1_120' title='bbox 654 2470 731 2544; x_wconf 92' lang='lat' dir='ltr'><strong>in</strong></span> <span class='ocrx_word' id='word_1_121' title='bbox 792 2470 1003 2559; x_wconf 85' lang='lat' dir='ltr'>coe10,</span> <span class='ocrx_word' id='word_1_122' title='bbox 1052 2468 1168 2543; x_wconf 86' lang='lat' dir='ltr'><strong>vel</strong></span> <span class='ocrx_word' id='word_1_123' title='bbox 1231 2480 1490 2543; x_wconf 91' lang='lat' dir='ltr'><strong>neuter</strong></span> <span class='ocrx_word' id='word_1_124' title='bbox 1539 2470 1649 2542; x_wconf 90' lang='lat' dir='ltr'><strong>sol</strong></span> <span class='ocrx_word' id='word_1_125' title='bbox 1704 2479 1837 2543; x_wconf 88' lang='lat' dir='ltr'><strong>est.</strong></span> <span class='ocrx_word' id='word_1_126' title='bbox 1944 2469 2193 2543; x_wconf 92' lang='lat' dir='ltr'><strong>Etiam</strong></span> <span class='ocrx_word' id='word_1_127' title='bbox 2242 2469 2502 2543; x_wconf 90' lang='lat' dir='ltr'><strong>eodem</strong></span> 
     </span>
     <span class='ocr_line' id='line_1_19' title="bbox 413 2584 2503 2681; baseline 0 -23"><span class='ocrx_word' id='word_1_128' title='bbox 413 2597 745 2681; x_wconf 91' lang='lat' dir='ltr'><strong>tempore</strong></span> <span class='ocrx_word' id='word_1_129' title='bbox 779 2584 1071 2657; x_wconf 87' lang='lat' dir='ltr'><strong>videtur</strong></span> <span class='ocrx_word' id='word_1_130' title='bbox 1105 2584 1214 2657; x_wconf 89' lang='lat' dir='ltr'><strong>sol</strong></span> <span class='ocrx_word' id='word_1_131' title='bbox 1248 2584 1325 2656; x_wconf 92' lang='lat' dir='ltr'><strong>in</strong></span> <span class='ocrx_word' id='word_1_132' title='bbox 1377 2584 1569 2657; x_wconf 85' lang='lat' dir='ltr'><strong>coelo</strong></span> <span class='ocrx_word' id='word_1_133' title='bbox 1624 2596 1701 2658; x_wconf 89' lang='lat' dir='ltr'><strong>et</strong></span> <span class='ocrx_word' id='word_1_134' title='bbox 1752 2585 1830 2657; x_wconf 93' lang='lat' dir='ltr'><strong>in</strong></span> <span class='ocrx_word' id='word_1_135' title='bbox 1875 2584 2203 2674; x_wconf 87' lang='lat' dir='ltr'><strong>flumine,</strong></span> <span class='ocrx_word' id='word_1_136' title='bbox 2239 2584 2318 2657; x_wconf 92' lang='lat' dir='ltr'><strong>id</strong></span> <span class='ocrx_word' id='word_1_137' title='bbox 2366 2596 2503 2672; x_wconf 88' lang='lat' dir='ltr'><strong>est,</strong></span> 
     </span>
     <span class='ocr_line' id='line_1_20' title="bbox 410 2697 1277 2771; baseline 0 -1"><span class='ocrx_word' id='word_1_138' title='bbox 410 2710 674 2770; x_wconf 90' lang='lat' dir='ltr'><strong>neuter</strong></span> <span class='ocrx_word' id='word_1_139' title='bbox 707 2721 962 2770; x_wconf 88' lang='lat' dir='ltr'><strong>eorum</strong></span> <span class='ocrx_word' id='word_1_140' title='bbox 1000 2697 1109 2771; x_wconf 90' lang='lat' dir='ltr'><strong>sol</strong></span> <span class='ocrx_word' id='word_1_141' title='bbox 1144 2708 1277 2770; x_wconf 88' lang='lat' dir='ltr'><strong>est.</strong></span> 
     </span>
    </p>

    <p class='ocr_par' dir='ltr' id='par_1_5' title="bbox 410 2809 2505 3466">
     <span class='ocr_line' id='line_1_21' title="bbox 514 2809 2498 2907; baseline 0 -24"><span class='ocrx_word' id='word_1_142' title='bbox 514 2810 611 2883; x_wconf 89' lang='grc' dir='ltr'><strong>Α.</strong></span> <span class='ocrx_word' id='word_1_143' title='bbox 670 2810 1049 2907; x_wconf 87' lang='lat' dir='ltr'><strong>Siquidem</strong></span> <span class='ocrx_word' id='word_1_144' title='bbox 1095 2811 1254 2883; x_wconf 86' lang='lat' dir='ltr'><strong>haeo</strong></span> <span class='ocrx_word' id='word_1_145' title='bbox 1287 2832 1463 2882; x_wconf 88' lang='lat' dir='ltr'><strong>vera</strong></span> <span class='ocrx_word' id='word_1_146' title='bbox 1517 2821 1716 2898; x_wconf 89' lang='lat' dir='ltr'><strong>sunt,</strong></span> <span class='ocrx_word' id='word_1_147' title='bbox 1757 2809 1971 2882; x_wconf 88' lang='lat' dir='ltr'><strong>video</strong></span> <span class='ocrx_word' id='word_1_148' title='bbox 2017 2820 2498 2905; x_wconf 87' lang='lat' dir='ltr'><strong>sequuturum</strong></span> 
     </span>
     <span class='ocr_line' id='line_1_22' title="bbox 412 2922 2499 3020; baseline -0 -23"><span class='ocrx_word' id='word_1_149' title='bbox 412 2924 538 2997; x_wconf 90' lang='lat' dir='ltr'><strong>illa</strong></span> <span class='ocrx_word' id='word_1_150' title='bbox 566 2948 732 3020; x_wconf 87' lang='lat' dir='ltr'><strong>quae</strong></span> <span class='ocrx_word' id='word_1_151' title='bbox 766 2948 812 2997; x_wconf 92' lang='lat' dir='ltr'><strong>a</strong></span> <span class='ocrx_word' id='word_1_152' title='bbox 847 2922 1085 2996; x_wconf 86' lang='lat' dir='ltr'><strong>doctis</strong></span> <span class='ocrx_word' id='word_1_153' title='bbox 1121 2923 1586 3019; x_wconf 90' lang='lat' dir='ltr'><strong>appellantur</strong></span> <span class='ocrx_word' id='word_1_154' title='bbox 1631 2922 2044 2996; x_wconf 85' lang='lat' dir='ltr'><strong>accidentia</strong></span> <span class='ocrx_word' id='word_1_155' title='bbox 2077 2946 2499 3019; x_wconf 87' lang='lat' dir='ltr'><strong>corporum,</strong></span> 
     </span>
     <span class='ocr_line' id='line_1_23' title="bbox 410 3035 2501 3134; baseline 0 -23"><span class='ocrx_word' id='word_1_156' title='bbox 410 3049 680 3134; x_wconf 85' lang='lat' dir='ltr'><strong>praeter</strong></span> <span class='ocrx_word' id='word_1_157' title='bbox 717 3048 995 3110; x_wconf 90' lang='lat' dir='ltr'><strong>motum</strong></span> <span class='ocrx_word' id='word_1_158' title='bbox 1047 3047 1123 3110; x_wconf 92' lang='lat' dir='ltr'><strong>et</strong></span> <span class='ocrx_word' id='word_1_159' title='bbox 1157 3036 1742 3132; x_wconf 86' lang='lat' dir='ltr'><strong>magnitudinem</strong></span> <span class='ocrx_word' id='word_1_160' title='bbox 1778 3037 2027 3110; x_wconf 90' lang='lat' dir='ltr'><strong>omnia</strong></span> <span class='ocrx_word' id='word_1_161' title='bbox 2070 3060 2232 3109; x_wconf 86' lang='lat' dir='ltr'><strong>esse</strong></span> <span class='ocrx_word' id='word_1_162' title='bbox 2265 3035 2501 3133; x_wconf 90' lang='lat' dir='ltr'><strong>phan-</strong></span> 
     </span>
     <span class='ocr_line' id='line_1_24' title="bbox 411 3148 2501 3246; baseline -0 -22"><span class='ocrx_word' id='word_1_163' title='bbox 411 3162 754 3239; x_wconf 88' lang='lat' dir='ltr'><strong>tasmata,</strong></span> <span class='ocrx_word' id='word_1_164' title='bbox 822 3174 974 3223; x_wconf 91' lang='lat' dir='ltr'><strong>non</strong></span> <span class='ocrx_word' id='word_1_165' title='bbox 1045 3151 1353 3246; x_wconf 85' lang='lat' dir='ltr'><strong>objectis</strong></span> <span class='ocrx_word' id='word_1_166' title='bbox 1421 3149 1553 3222; x_wconf 87' lang='lat' dir='ltr'><strong>sed</strong></span> <span class='ocrx_word' id='word_1_167' title='bbox 1614 3149 1957 3223; x_wconf 89' lang='lat' dir='ltr'><strong>sentienti</strong></span> <span class='ocrx_word' id='word_1_168' title='bbox 2019 3148 2501 3224; x_wconf 79' lang='lat' dir='ltr'><strong>adhaerentia.</strong></span> 
     </span>
     <span class='ocr_line' id='line_1_25' title="bbox 414 3262 2505 3359; baseline 0 -22"><span class='ocrx_word' id='word_1_169' title='bbox 414 3264 562 3337; x_wconf 88' lang='lat' dir='ltr'><strong>Sed</strong></span> <span class='ocrx_word' id='word_1_170' title='bbox 595 3263 791 3336; x_wconf 92' lang='lat' dir='ltr'><strong>unde</strong></span> <span class='ocrx_word' id='word_1_171' title='bbox 826 3264 1096 3353; x_wconf 88' lang='lat' dir='ltr'><strong>evenit,</strong></span> <span class='ocrx_word' id='word_1_172' title='bbox 1130 3277 1218 3336; x_wconf 91' lang='lat' dir='ltr'><strong>ut</strong></span> <span class='ocrx_word' id='word_1_173' title='bbox 1245 3286 1559 3359; x_wconf 89' lang='lat' dir='ltr'><strong>corpora</strong></span> <span class='ocrx_word' id='word_1_174' title='bbox 1591 3287 1638 3335; x_wconf 91' lang='lat' dir='ltr'><strong>a</strong></span> <span class='ocrx_word' id='word_1_175' title='bbox 1674 3262 1893 3336; x_wconf 88' lang='lat' dir='ltr'><strong>certis</strong></span> <span class='ocrx_word' id='word_1_176' title='bbox 1927 3262 2278 3359; x_wconf 88' lang='lat' dir='ltr'><strong>gradibus</strong></span> <span class='ocrx_word' id='word_1_177' title='bbox 2306 3263 2505 3337; x_wconf 88' lang='lat' dir='ltr'><strong>calo-</strong></span> 
     </span>
     <span class='ocr_line' id='line_1_26' title="bbox 412 3375 2388 3466; baseline -0.001 -15"><span class='ocrx_word' id='word_1_178' title='bbox 412 3379 513 3452; x_wconf 88' lang='lat' dir='ltr'><strong>ris</strong></span> <span class='ocrx_word' id='word_1_179' title='bbox 552 3378 696 3450; x_wconf 89' lang='lat' dir='ltr'><strong>alia</strong></span> <span class='ocrx_word' id='word_1_180' title='bbox 724 3376 1172 3450; x_wconf 86' lang='lat' dir='ltr'><strong>candescant</strong></span> <span class='ocrx_word' id='word_1_181' title='bbox 1206 3387 1283 3450; x_wconf 87' lang='lat' dir='ltr'><strong>et</strong></span> <span class='ocrx_word' id='word_1_182' title='bbox 1315 3377 1637 3466; x_wconf 87' lang='lat' dir='ltr'><strong>luceant,</strong></span> <span class='ocrx_word' id='word_1_183' title='bbox 1675 3376 1820 3449; x_wconf 89' lang='lat' dir='ltr'><strong>alia</strong></span> <span class='ocrx_word' id='word_1_184' title='bbox 1853 3400 2002 3449; x_wconf 93' lang='lat' dir='ltr'><strong>non</strong></span> <span class='ocrx_word' id='word_1_185' title='bbox 2034 3375 2388 3450; x_wconf 80' lang='lat' dir='ltr'><strong>luceant?</strong></span> 
     </span>
    </p>

    <p class='ocr_par' dir='ltr' id='par_1_6' title="bbox 411 3489 2505 4379">
     <span class='ocr_line' id='line_1_27' title="bbox 515 3489 2504 3587; baseline 0 -24"><span class='ocrx_word' id='word_1_186' title='bbox 515 3491 613 3563; x_wconf 89' lang='lat' dir='ltr'><strong>B.</strong></span> <span class='ocrx_word' id='word_1_187' title='bbox 669 3490 1008 3587; x_wconf 90' lang='lat' dir='ltr'><strong>Corpora</strong></span> <span class='ocrx_word' id='word_1_188' title='bbox 1073 3514 1237 3586; x_wconf 85' lang='lat' dir='ltr'><strong>quae</strong></span> <span class='ocrx_word' id='word_1_189' title='bbox 1304 3490 1558 3563; x_wconf 90' lang='lat' dir='ltr'><strong>lucent</strong></span> <span class='ocrx_word' id='word_1_190' title='bbox 1633 3489 1879 3563; x_wconf 90' lang='lat' dir='ltr'><strong>omnia</strong></span> <span class='ocrx_word' id='word_1_191' title='bbox 1938 3501 2222 3563; x_wconf 90' lang='lat' dir='ltr'><strong>motum</strong></span> <span class='ocrx_word' id='word_1_192' title='bbox 2294 3490 2504 3563; x_wconf 90' lang='lat' dir='ltr'><strong>illum</strong></span> 
     </span>
     <span class='ocr_line' id='line_1_28' title="bbox 411 3601 2502 3701; baseline 0 -27"><span class='ocrx_word' id='word_1_193' title='bbox 411 3601 712 3694; x_wconf 90' lang='lat' dir='ltr'><strong>habent,</strong></span> <span class='ocrx_word' id='word_1_194' title='bbox 749 3628 968 3701; x_wconf 88' lang='lat' dir='ltr'><strong>quem</strong></span> <span class='ocrx_word' id='word_1_195' title='bbox 1004 3604 1354 3701; x_wconf 89' lang='lat' dir='ltr'><strong>supposui</strong></span> <span class='ocrx_word' id='word_1_196' title='bbox 1389 3626 1547 3677; x_wconf 85' lang='lat' dir='ltr'><strong>esse</strong></span> <span class='ocrx_word' id='word_1_197' title='bbox 1583 3603 1661 3676; x_wconf 90' lang='lat' dir='ltr'><strong>in</strong></span> <span class='ocrx_word' id='word_1_198' title='bbox 1694 3603 1848 3676; x_wconf 85' lang='lat' dir='ltr'><strong>sole</strong></span> <span class='ocrx_word' id='word_1_199' title='bbox 1898 3615 1976 3676; x_wconf 92' lang='lat' dir='ltr'><strong>et</strong></span> <span class='ocrx_word' id='word_1_200' title='bbox 2021 3614 2245 3677; x_wconf 90' lang='lat' dir='ltr'><strong>terra.</strong></span> <span class='ocrx_word' id='word_1_201' title='bbox 2362 3604 2502 3676; x_wconf 89' lang='lat' dir='ltr'><strong>Cui</strong></span> 
     </span>
     <span class='ocr_line' id='line_1_29' title="bbox 412 3715 2504 3812; baseline 0.002 -26"><span class='ocrx_word' id='word_1_202' title='bbox 412 3715 672 3804; x_wconf 89' lang='lat' dir='ltr'><strong>motui,</strong></span> <span class='ocrx_word' id='word_1_203' title='bbox 706 3730 791 3789; x_wconf 92' lang='lat' dir='ltr'><strong>ut</strong></span> <span class='ocrx_word' id='word_1_204' title='bbox 816 3717 948 3790; x_wconf 87' lang='lat' dir='ltr'><strong>fiat</strong></span> <span class='ocrx_word' id='word_1_205' title='bbox 971 3717 1123 3806; x_wconf 82' lang='lat' dir='ltr'><strong>lux,</strong></span> <span class='ocrx_word' id='word_1_206' title='bbox 1153 3728 1402 3789; x_wconf 86' lang='lat' dir='ltr'><strong>certus</strong></span> <span class='ocrx_word' id='word_1_207' title='bbox 1424 3716 1824 3812; x_wconf 91' lang='lat' dir='ltr'><strong>requiritur</strong></span> <span class='ocrx_word' id='word_1_208' title='bbox 1846 3716 2121 3812; x_wconf 88' lang='lat' dir='ltr'><strong>gradus</strong></span> <span class='ocrx_word' id='word_1_209' title='bbox 2147 3716 2504 3790; x_wconf 86' lang='lat' dir='ltr'><strong>velocita-</strong></span> 
     </span>
     <span class='ocr_line' id='line_1_30' title="bbox 412 3828 2502 3926; baseline 0.001 -25"><span class='ocrx_word' id='word_1_210' title='bbox 412 3828 532 3917; x_wconf 90' lang='lat' dir='ltr'><strong>tis,</strong></span> <span class='ocrx_word' id='word_1_211' title='bbox 594 3852 740 3924; x_wconf 91' lang='lat' dir='ltr'><strong>quo</strong></span> <span class='ocrx_word' id='word_1_212' title='bbox 800 3829 1100 3903; x_wconf 86' lang='lat' dir='ltr'><strong>visionis</strong></span> <span class='ocrx_word' id='word_1_213' title='bbox 1170 3853 1530 3926; x_wconf 90' lang='lat' dir='ltr'><strong>organum</strong></span> <span class='ocrx_word' id='word_1_214' title='bbox 1600 3830 1776 3902; x_wconf 85' lang='lat' dir='ltr'><strong>satis</strong></span> <span class='ocrx_word' id='word_1_215' title='bbox 1843 3831 2139 3903; x_wconf 87' lang='lat' dir='ltr'><strong>fortiter</strong></span> <span class='ocrx_word' id='word_1_216' title='bbox 2203 3853 2502 3904; x_wconf 87' lang='lat' dir='ltr'><strong>movere</strong></span> 
     </span>
     <span class='ocr_line' id='line_1_31' title="bbox 411 3940 2503 4038; baseline 0 -24"><span class='ocrx_word' id='word_1_217' title='bbox 411 3940 666 4037; x_wconf 87' lang='lat' dir='ltr'><strong>possit.</strong></span> <span class='ocrx_word' id='word_1_218' title='bbox 768 3942 1038 4015; x_wconf 89' lang='lat' dir='ltr'><strong>Omnia</strong></span> <span class='ocrx_word' id='word_1_219' title='bbox 1088 3966 1400 4038; x_wconf 89' lang='lat' dir='ltr'><strong>corpora</strong></span> <span class='ocrx_word' id='word_1_220' title='bbox 1450 3967 1604 4016; x_wconf 90' lang='lat' dir='ltr'><strong>non</strong></span> <span class='ocrx_word' id='word_1_221' title='bbox 1655 3943 1870 4015; x_wconf 89' lang='lat' dir='ltr'><strong>nimis</strong></span> <span class='ocrx_word' id='word_1_222' title='bbox 1915 3943 2166 4031; x_wconf 86' lang='lat' dir='ltr'><strong>fluida,</strong></span> <span class='ocrx_word' id='word_1_223' title='bbox 2228 3945 2274 4016; x_wconf 87' lang='lat' dir='ltr'><strong>a</strong></span> <span class='ocrx_word' id='word_1_224' title='bbox 2325 3943 2503 4017; x_wconf 86' lang='lat' dir='ltr'><strong>satis</strong></span> 
     </span>
     <span class='ocr_line' id='line_1_32' title="bbox 413 4055 2499 4152; baseline 0.001 -26"><span class='ocrx_word' id='word_1_225' title='bbox 413 4078 683 4150; x_wconf 91' lang='lat' dir='ltr'><strong>magno</strong></span> <span class='ocrx_word' id='word_1_226' title='bbox 721 4055 966 4129; x_wconf 88' lang='lat' dir='ltr'><strong>calore</strong></span> <span class='ocrx_word' id='word_1_227' title='bbox 1018 4056 1394 4130; x_wconf 88' lang='lat' dir='ltr'><strong>lucebunt.</strong></span> <span class='ocrx_word' id='word_1_228' title='bbox 1497 4057 1826 4145; x_wconf 88' lang='lat' dir='ltr'><strong>Ferrum,</strong></span> <span class='ocrx_word' id='word_1_229' title='bbox 1862 4055 2073 4152; x_wconf 88' lang='lat' dir='ltr'><strong>lapis,</strong></span> <span class='ocrx_word' id='word_1_230' title='bbox 2108 4079 2371 4128; x_wconf 89' lang='lat' dir='ltr'><strong>aurum</strong></span> <span class='ocrx_word' id='word_1_231' title='bbox 2404 4057 2499 4129; x_wconf 92' lang='lat' dir='ltr'><strong>ab</strong></span> 
     </span>
     <span class='ocr_line' id='line_1_33' title="bbox 413 4168 2505 4266; baseline 0.001 -27"><span class='ocrx_word' id='word_1_232' title='bbox 413 4168 586 4263; x_wconf 88' lang='lat' dir='ltr'><strong>igne</strong></span> <span class='ocrx_word' id='word_1_233' title='bbox 622 4168 1051 4241; x_wconf 87' lang='lat' dir='ltr'><strong>vehemente</strong></span> <span class='ocrx_word' id='word_1_234' title='bbox 1086 4169 1458 4241; x_wconf 86' lang='lat' dir='ltr'><strong>lucebunt.</strong></span> <span class='ocrx_word' id='word_1_235' title='bbox 1566 4170 1782 4266; x_wconf 88' lang='lat' dir='ltr'><strong>Aqua</strong></span> <span class='ocrx_word' id='word_1_236' title='bbox 1808 4192 1956 4243; x_wconf 94' lang='lat' dir='ltr'><strong>non</strong></span> <span class='ocrx_word' id='word_1_237' title='bbox 1993 4169 2292 4258; x_wconf 85' lang='lat' dir='ltr'><strong>lucebit,</strong></span> <span class='ocrx_word' id='word_1_238' title='bbox 2330 4170 2505 4265; x_wconf 91' lang='lat' dir='ltr'><strong>quia</strong></span> 
     </span>
     <span class='ocr_line' id='line_1_34' title="bbox 412 4281 2503 4379; baseline 0.001 -26"><span class='ocrx_word' id='word_1_239' title='bbox 412 4291 664 4379; x_wconf 90' lang='lat' dir='ltr'><strong>partes</strong></span> <span class='ocrx_word' id='word_1_240' title='bbox 699 4281 856 4376; x_wconf 88' lang='lat' dir='ltr'><strong>ejus</strong></span> <span class='ocrx_word' id='word_1_241' title='bbox 891 4291 1062 4354; x_wconf 90' lang='lat' dir='ltr'><strong>ante</strong></span> <span class='ocrx_word' id='word_1_242' title='bbox 1098 4282 1396 4355; x_wconf 85' lang='lat' dir='ltr'><strong>avolant</strong></span> <span class='ocrx_word' id='word_1_243' title='bbox 1443 4306 1661 4379; x_wconf 90' lang='lat' dir='ltr'><strong>quam</strong></span> <span class='ocrx_word' id='word_1_244' title='bbox 1716 4282 2030 4379; x_wconf 88' lang='lat' dir='ltr'><strong>gradum</strong></span> <span class='ocrx_word' id='word_1_245' title='bbox 2085 4281 2503 4355; x_wconf 84' lang='lat' dir='ltr'><strong>velocitatis</strong></span> 
     </span>
    </p>
   </div>
   <div class='ocr_carea' id='block_1_3' title="bbox 2589 686 2838 729">
    <p class='ocr_par' dir='ltr' id='par_1_7' title="bbox 2589 686 2838 729">
     <span class='ocr_line' id='line_1_35' title="bbox 2589 686 2838 729; baseline -0.016 0"><span class='ocrx_word' id='word_1_246' title='bbox 2589 687 2726 729; x_wconf 74' lang='lat' dir='ltr'>OAP.</span> <span class='ocrx_word' id='word_1_247' title='bbox 2756 686 2838 725; x_wconf 84' lang='lat' dir='ltr'><strong>lv.</strong></span> 
     </span>
    </p>
   </div>
   <div class='ocr_carea' id='block_1_4' title="bbox 2603 816 2839 927">
    <p class='ocr_par' dir='ltr' id='par_1_8' title="bbox 2603 816 2839 927">
     <span class='ocr_line' id='line_1_36' title="bbox 2603 816 2839 862; baseline -0.008 0"><span class='ocrx_word' id='word_1_248' title='bbox 2603 819 2672 862; x_wconf 88' lang='lat' dir='ltr'><strong>De</strong></span> <span class='ocrx_word' id='word_1_249' title='bbox 2691 816 2839 861; x_wconf 72' lang='lat' dir='ltr'><strong>calore</strong></span> 
     </span>
     <span class='ocr_line' id='line_1_37' title="bbox 2605 882 2780 927; baseline -0.006 0"><span class='ocrx_word' id='word_1_250' title='bbox 2605 889 2651 927; x_wconf 81' lang='lat' dir='ltr'><strong>et</strong></span> <span class='ocrx_word' id='word_1_251' title='bbox 2666 882 2780 926; x_wconf 77' lang='lat' dir='ltr'><strong>luce.</strong></span> 
     </span>
    </p>
   </div>
  </div>
 </body>
</html>
