3094 5125
886 494 996 548 nn
1036 494 1643 548 MAGNITUDINE
1686 493 2052 546 cincun.
2357 474 2500 553 373

419 787 494 850 et
550 777 982 872 rectangula
1024 776 1333 862 minuta,
1368 800 1502 873 pro
1550 776 1763 850 lineis
1816 775 2041 848 rectis
2093 774 2505 871 promiscue

418 913 705 986 semper
731 889 1199 973 numeravit3
1253 889 1440 962 adeo
1478 899 1563 962 ut
1608 889 2077 962 Elementum
2113 886 2505 977 decimum,

418 1004 694 1100 ingenii
730 1003 1027 1100 quidem
1060 1002 1312 1100 magni
1364 1003 1758 1099 specimen,
1797 1001 1928 1076 sed
1959 1001 2243 1091 inutile,
2281 1001 2506 1074 etiam

415 1141 686 1214 magna
718 1127 929 1213 parte
961 1116 1329 1189 incertum
1363 1114 1712 1188 reddidit.

1020 1344 1604 1398 CONSTRUCTIO
1678 1344 1908 1398 cum.

521 1462 634 1535 Sit
701 1461 877 1535 data
940 1474 1145 1536 recta
1205 1486 1664 1560 quaecunque
1712 1462 1869 1536 AG.
1973 1462 2508 1560 Descriptoque

420 1577 512 1649 ab
560 1600 649 1648 ea
700 1575 1060 1672 quadrato
1116 1576 1431 1651 ducatur
1491 1576 1902 1674 diagonalis
1937 1576 2068 1665 ΑΙ,
2115 1578 2324 1673 cujus
2374 1601 2507 1673 po-

420 1690 657 1763 tentia
706 1689 931 1786 dupla
977 1702 1092 1763 est
1140 1690 1494 1785 potentiae
1544 1690 1798 1763 lateris
1842 1688 2000 1762 AG.
2104 1688 2411 1780 Rursus,
2464 1715 2508 1764 e

420 1815 628 1877 recta
686 1803 781 1876 ad
835 1814 1191 1900 punctum
1253 1804 1289 1876 I
1351 1803 1680 1898 erigatur
1729 1802 2357 1899 perpendicularis
2411 1805 2508 1902 Ιγ

421 1917 725 2014 aequalis
782 1917 998 1991 lateri
1039 1917 1196 2007 AG,
1243 1918 1743 2015 jungaturque
1779 1917 1948 2013 Ay:
2000 1916 2280 2012 poterit
2328 1939 2505 2012 ergo

420 2031 549 2129 Αγ
582 2032 886 2128 triplum
920 2033 1077 2128 ejus
1101 2031 1296 2126 quod
1330 2040 1577 2127 potest
1601 2029 1767 2103 AG.
1844 2029 2151 2124 Eritque
2187 2029 2506 2102 circulus

422 2145 832 2241 descriptus
888 2144 982 2217 ab
1040 2143 1398 2216 diametro
1433 2143 1585 2240 Αγ,
1640 2142 1957 2215 circulus
2011 2141 2374 2215 maximus
2427 2142 2509 2215 in

421 2261 709 2355 sphaera
733 2259 810 2330 in
835 2281 982 2355 quo
1019 2257 1442 2331 inscribitur
1467 2258 1698 2330 cubus
1726 2257 1933 2352 cujus
1967 2256 2161 2330 latus
2184 2269 2296 2329 est
2325 2256 2504 2330 AG:

421 2373 825 2467 eademque
880 2370 1182 2467 aequalis
1236 2383 1457 2445 rectae
1505 2369 1634 2443 FK
1670 2370 1787 2442 vel
1844 2369 1990 2457 Gk,
2038 2393 2202 2466 quae
2246 2369 2507 2442 itidem

419 2496 664 2582 potest
729 2484 1031 2581 triplum
1094 2486 1251 2582 ejus
1316 2482 1514 2581 quod
1570 2494 1815 2581 potest
1865 2482 2020 2557 AG.
2158 2481 2508 2556 Similiter

421 2598 863 2695 quadratum
899 2623 943 2671 a
978 2597 1100 2670 CL
1135 2597 1356 2670 tertia
1402 2621 1573 2693 pars
1634 2609 1745 2670 est
1793 2596 2134 2693 quadrati
2167 2620 2213 2669 a
2248 2596 2395 2684 BC,
2431 2607 2510 2669 et

426 2709 552 2783 BC
588 2710 946 2782 diameter
982 2709 1290 2805 sphaerae
1315 2710 1393 2781 in
1421 2733 1567 2804 qua
1589 2710 1819 2782 cubus
1846 2733 1891 2781 a
1913 2709 2040 2782 CL
2061 2709 2507 2784 inscribitur.

429 2823 618 2897 Quae
651 2822 1033 2919 proportio
1066 2822 1579 2894 universaliter
1612 2845 1787 2895 vera
1838 2834 1952 2895 est
2001 2822 2078 2896 in
2130 2823 2331 2896 omni
2376 2823 2512 2896 tri-

427 2937 699 3033 angulo
759 2934 1214 3031 rectangulO,
1263 2937 1471 3030 cujus
1525 2936 1836 3030 angulus
1895 2961 2084 3010 unus
2133 2947 2244 3010 est
2288 2936 2514 3010 tertia

426 3074 595 3146 pars
632 3048 838 3122 recti.
944 3049 1201 3144 Itaque
1229 3047 1352 3120 DS
1381 3047 1685 3142 triplum
1718 3058 1961 3143 potest
1988 3062 2213 3123 rectae
2248 3049 2367 3122 SO
2396 3049 2514 3121 vel

430 3164 606 3248 RV;
679 3173 754 3236 et
816 3162 953 3235 Do
1019 3173 1266 3258 potest
1325 3159 1649 3257 ejusdem
1709 3161 2220 3258 quadruplum.
2322 3163 2517 3236 Item

428 3277 563 3351 AO
602 3276 905 3373 triplum
940 3286 1188 3373 potest
1224 3275 1382 3370 ejus
1420 3273 1617 3371 quod
1653 3287 1899 3371 potest
1935 3275 2086 3365 OC,
2122 3288 2516 3373 propterea

432 3391 628 3485 quod
663 3402 773 3464 est
808 3403 893 3464 ut
927 3391 1063 3464 AO
1098 3387 1195 3462 ad
1228 3387 1377 3478 DS,
1413 3390 1520 3461 ita
1556 3388 1682 3462 CO
1718 3387 1814 3461 ad
1843 3386 1963 3461 SO
1990 3389 2106 3461 vel
2142 3389 2279 3463 SC.

1130 3611 1631 3665 PROPOSITIO
1669 3611 1829 3663 xn.

532 3731 768 3803 Arcus
802 3729 1233 3826 quadrantis
1270 3729 1401 3802 BD
1438 3728 1739 3825 aequalis
1775 3741 1887 3803 est
1920 3730 2135 3803 lateri
2173 3730 2342 3803 cubi
2377 3727 2520 3802 cir-

436 3843 884 3938 cumscripti,
919 3867 1070 3916 una
1104 3867 1272 3915 cum
1324 3843 1556 3915 latere
1604 3842 1773 3916 cubi
1818 3843 2177 3940 inscripti,
2214 3843 2521 3940 sphaerae

437 3960 645 4054 cujus
701 3956 1058 4028 diameter
1115 3955 1417 4050 aequalis
1478 3968 1591 4028 est
1645 3969 1870 4029 rectae
1928 3956 2079 4028 BC.
2185 3955 2265 4028 Si
2325 3954 2522 4028 enim

440 4068 848 4164 descriptus
884 4068 1340 4163 intelligatur
1392 4068 1710 4142 circulus
1747 4082 2004 4142 centro
2040 4070 2099 4158 Ι,
2135 4068 2523 4142 intervallo

440 4184 595 4266 IE3
650 4194 726 4254 et
777 4181 1007 4254 cubus
1055 4184 1263 4278 cujus
1316 4205 1545 4254 unum
1594 4183 2032 4279 quadratum
2068 4181 2476 4254 estABCD
2503 4209 2524 4252 ι

442 4295 758 4369 circulus
786 4293 1197 4391 descriptus
1227 4304 1483 4369 centro
1520 4296 1554 4369 I
1591 4294 1797 4369 radio
1834 4296 1941 4369 ΙΕ
1976 4294 2037 4368 si
2073 4294 2530 4391 intelligatur
