3094 5125
671 477 818 558 372
1134 496 1243 549 nn
1281 497 1892 551 MAGNITUDINE
1934 499 2302 554 crucum.

285 682 610 728 scnomm.
668 665 907 740 decim
976 668 1350 763 quadratis
1410 692 1456 742 a
1522 681 1788 765 quarta
1851 682 2064 766 parte
2128 669 2381 744 lateris
2441 666 2575 740 AB
2606 698 2631 752 ;
2694 678 2782 740 et

667 781 918 853 lateris
946 780 1042 853 Βι
1078 782 1518 878 quadratum
1543 784 1823 880 aequale
1857 808 1986 857 sex
2014 784 2394 880 quadratis
2421 806 2466 854 a
2491 792 2786 877 quarta

666 906 880 990 parte
916 895 1245 991 ejusdem
1279 910 1503 972 rectae
1538 899 1682 971 FE.

767 1007 930 1081 Fiat
963 1019 1048 1082 ut
1083 1019 1177 1083 32
1214 1011 1311 1083 ad
1355 1020 1467 1099 12,
1503 1011 1613 1086 ita
1654 1021 1742 1085 12
1773 1011 1868 1084 ad
1903 1010 2146 1099 aliam,
2183 1032 2348 1104 quae
2383 1009 2526 1082 erit
2558 1015 2685 1093 4}-

767 1120 1138 1195 Quoniam
1184 1146 1360 1221 ergo
1410 1124 1566 1213 BD,
1606 1124 1750 1213 Βλ,
1788 1124 1913 1196 λΙ)
1951 1135 2127 1196 sunt
2176 1121 2527 1196 continue
2580 1145 2774 1217 pro-

663 1233 1135 1329 portionaleS,
1171 1237 1395 1310 etiam
1449 1261 1702 1310 earum
1745 1236 2106 1333 quadrata
2151 1246 2367 1308 erunt
2401 1234 2773 1308 continue

663 1348 1262 1443 proportionalia.
1375 1350 1537 1424 Erit
1596 1374 1772 1446 ergo
1829 1348 2271 1447 quadratum
2329 1372 2375 1421 a
2435 1348 2561 1421 AD
2610 1348 2773 1420 mi-

664 1483 846 1532 nore
880 1472 1285 1556 segmento,
1320 1462 1603 1557 aequale
1629 1464 1717 1542 44
1751 1461 2128 1557 quadratis
2164 1486 2209 1534 a
2244 1473 2506 1557 quarta
2538 1472 2767 1556 parte

661 1572 911 1647 lateris
945 1574 1090 1646 EF.
1194 1574 1505 1672 Sumpta
1539 1568 1716 1673 ergo
1751 1575 1896 1672 Dp,
1945 1598 2109 1671 quae
2168 1574 2265 1647 sit
2322 1573 2515 1647 latus
2569 1598 2767 1670 qua-

661 1685 857 1783 drati
923 1686 1220 1784 aequalis
1293 1688 1597 1762 dimidio
1665 1687 2025 1785 quadrato
2092 1712 2139 1761 a
2206 1700 2472 1784 quarta
2535 1698 2765 1783 parte

659 1798 909 1872 lateris
936 1798 1098 1887 DA,
1128 1802 1389 1897 juncta
1424 1801 1555 1897 Hp
1577 1801 1719 1873 erit
1751 1800 2050 1897 aequalis
2085 1799 2234 1872 DA.
2324 1799 2515 1872 Cum
2551 1800 2761 1873 enim

661 1912 810 1984 HD
880 1911 1320 2008 quadratum
1393 1913 1673 2010 aequale
1732 1913 1831 1987 sit
1891 1925 2208 2010 quatuor
2269 1912 2643 2010 quadratis
2708 1938 2762 1986 a

661 2036 926 2121 quarta
983 2036 1194 2121 parte
1233 2025 1483 2100 lateris
1518 2026 1681 2116 DA,
1719 2025 1943 2099 ducta
1977 2026 2105 2122 Hp
2140 2026 2278 2099 erit
2321 2026 2516 2099 latus
2566 2049 2753 2122 qua-

659 2137 853 2212 drati
889 2139 1086 2235 quod
1119 2139 1217 2213 sit
1249 2147 1336 2226 44
1377 2139 1720 2236 quadrati
1763 2139 2015 2212 lateris
2060 2138 2223 2212 DA.
2328 2138 2578 2214 Quare
2610 2164 2756 2235 po-

660 2252 894 2325 tentia
946 2264 1171 2327 rectae
1220 2253 1345 2326 DA
1374 2253 1490 2325 vel
1541 2253 1615 2325 H
1626 2286 1668 2350 ρ
1721 2252 2115 2349 duplicatae
2172 2253 2312 2325 erit
2354 2261 2467 2343 18,
2502 2253 2582 2327 id
2630 2271 2755 2328 est

659 2365 1101 2458 quadratum
1136 2390 1182 2438 a
1206 2366 1331 2438 DA
1357 2364 1732 2462 duplicata
1765 2366 1906 2439 erit
1939 2365 2221 2463 aequale
2260 2374 2346 2439 18
2370 2366 2752 2462 quadratis

656 2501 705 2550 a
757 2491 1021 2574 quarta
1078 2491 1288 2575 parte
1344 2478 1595 2551 lateris
1631 2478 1791 2551 DA.
1899 2479 2238 2552 Potentia
2280 2501 2458 2576 ergo
2518 2492 2750 2554 rectae

660 2591 777 2663 Βλ
816 2592 1038 2689 tripla
1071 2604 1186 2665 est
1221 2592 1573 2688 potentiae
1610 2591 1728 2683 Βι,
1755 2592 1993 2690 (cujus
2023 2593 2463 2690 quadratum
2498 2605 2609 2668 est
2641 2597 2746 2689 6),

657 2717 736 2777 et
795 2705 1269 2802 sesquialtera
1320 2705 1678 2802 potentiae
1731 2705 1883 2779 FK,
1988 2707 2238 2781 Quare
2284 2706 2464 2802 ipsae
2516 2719 2746 2781 rectae

513 2867 516 2872 -
657 2819 802 2907 Βλ,
839 2820 993 2908 FK,
1031 2832 1203 2893 sunt
1238 2820 1581 2917 aequales,
1688 2818 1998 2893 Inventa
2057 2844 2234 2915 ergo
2288 2832 2403 2894 est
2456 2822 2744 2919 magni-

655 2932 838 3006 tudo
872 2944 1096 3007 rectae
1133 2933 1277 3007 Βλ.

756 3045 1102 3142 Sequitur
1154 3046 1351 3136 hinc,
1394 3045 1559 3142 (per
1590 3047 1821 3120 Elem.
1857 3046 2009 3136 xiii,
2046 3071 2256 3143 prop.
2291 3058 2403 3141 4),
2441 3044 2743 3143 duplam

651 3156 776 3230 DA
812 3159 1170 3256 aequalem
1220 3183 1377 3233 esse
1427 3172 1652 3232 rectae
1705 3183 1870 3256 quae
1920 3159 2298 3233 subtendit
2332 3172 2567 3234 totam
2600 3159 2740 3232 DA

651 3282 729 3343 et
786 3272 1028 3346 minus
1087 3282 1550 3369 segmentum
1586 3274 1654 3345 A
1664 3307 1733 3364 μ.
1837 3272 2033 3345 Nam
2081 3272 2519 3369 quadratum
2569 3273 2738 3346 sub-

649 3395 880 3461 tensae
913 3385 1107 3458 illius
1140 3385 1443 3482 triplum
1470 3397 1583 3459 est
1604 3385 1940 3483 quadrati
1975 3410 2021 3459 a
2053 3387 2331 3483 majore
2358 3399 2740 3483 segmento

649 3498 766 3571 Βλ
798 3498 915 3571 vel
949 3498 1088 3578 ΑΖ.
1193 3499 1393 3573 Quid
1443 3498 1539 3572 ad
1587 3499 1744 3571 haec
1791 3497 2059 3572 dicturi
2092 3511 2289 3587 sunt,
2326 3500 2453 3594 qui
2488 3499 2738 3572 Eucli-

650 3612 819 3687 dem
868 3635 1231 3707 nusquam
1301 3634 1581 3685 errasse
1637 3611 1948 3685 volunt?
2076 3612 2420 3686 Euclides
2486 3622 2737 3690 tamen

644 3726 862 3800 lineae
926 3723 1304 3798 rationalis
1361 3736 1692 3797 extrema
1745 3735 1821 3798 et
1879 3723 2123 3798 media
2175 3726 2462 3799 ratione
2517 3737 2737 3800 sectae

645 3852 1041 3936 utrumque
1124 3847 1589 3934 segmentum
1656 3836 1925 3911 lineam
1995 3862 2154 3912 esse
2235 3839 2736 3914 irrationalem

646 3950 851 4042 dicit,
887 3976 1058 4025 cum
1108 3961 1183 4024 et
1243 3961 1484 4023 totum
1532 3950 1973 4047 quadratum
2008 3976 2054 4026 a
2087 3952 2251 4043 DA,
2298 3964 2375 4027 et
2421 3953 2737 4050 quadra-

643 4076 804 4139 tum
838 4065 1219 4160 utriusque
1279 4064 1667 4158 segmenti,
1717 4064 1866 4138 sint
1922 4075 2008 4138 ut
2065 4089 2412 4139 numerus
2453 4066 2548 4139 ad
2596 4090 2734 4139 nu-

641 4202 950 4252 merum.
1057 4178 1257 4251 Bene
1320 4176 1619 4273 quidem
1670 4176 2157 4253 ratiocinatus
2207 4190 2320 4253 est
2364 4177 2731 4271 Euclides,

640 4290 773 4364 sed
805 4291 992 4365 falso
1028 4315 1200 4365 usus
1235 4301 1349 4365 est
1381 4289 1749 4387 principio
1780 4290 1907 4365 illo
1941 4290 2204 4389 primo,
2227 4301 2583 4392 punctum
2614 4301 2734 4370 est
