3094 5125
863 512 971 565 nn
1011 512 1619 566 MAGNITUDINE
1660 511 2028 565 cmoum.
2345 490 2492 572 377

410 673 488 749 in
523 671 597 766 d,
635 676 1092 776 ducaturque
1137 676 1286 752 Hd
1313 703 1478 776 quae
1522 678 1806 752 secabit
1846 700 2099 752 arcum
2154 674 2233 750 in
2268 678 2354 765 E,
2388 676 2498 749 ita
2562 699 2733 743 reor.
2763 698 2892 742 xv1.

410 801 496 862 ut
530 790 628 863 sit
661 791 855 865 sicut
886 792 1027 865 Td
1054 792 1151 866 ad
1186 792 1312 865 dv
1313 847 1335 883 ,
1369 792 1474 865 ita
1507 792 1628 865 FE
1654 791 1749 864 ad
1781 792 1937 865 EA.
2041 789 2189 864 Sed
2225 790 2352 863 FA
2385 790 2496 863 di-

407 902 685 977 viditur
736 928 1026 1001 quoque
1076 905 1415 979 bifariam
1473 905 1552 978 in
1608 905 1694 995 E,
1750 903 2096 979 transibit
2144 928 2322 1001 ergo
2358 904 2431 975 H
2447 902 2509 976 d

408 1040 543 1112 per
576 1041 1041 1092 communem
1076 1019 1479 1093 sectionem
1524 1028 1750 1092 rectae
1784 1018 1911 1092 FA
1945 1028 2019 1091 et
2072 1040 2286 1090 arcus
2337 1018 2499 1090 TR.

411 1128 583 1202 Erit
616 1153 793 1227 ergo
829 1130 1106 1205 circulo
1140 1154 1275 1228 per
1324 1131 1520 1205 RTG
1572 1131 1854 1227 aequale
1890 1127 2330 1226 quadratum
2377 1128 2499 1202 de-

411 1241 770 1339 scriptum
803 1266 1025 1341 super
1054 1245 1249 1318 latus
1285 1245 1444 1334 AB,
1465 1232 1566 1318 'ut
1611 1245 1689 1317 in
1735 1243 2198 1341 praecedente
2233 1267 2499 1340 propo-

411 1355 678 1430 sitione
714 1356 1301 1433 demonstratum
1330 1370 1464 1432 est.

513 1469 765 1543 Potuit
797 1493 975 1567 ergo
1008 1471 1387 1567 problema
1419 1471 1566 1545 hoc
1613 1470 2102 1544 demonstrari
2148 1470 2306 1544 sine
2357 1495 2499 1568 ope

410 1582 676 1656 mediae
715 1584 1287 1680 proportionalis
1346 1584 1544 1657 inter
1588 1583 2212 1658 semidiametrum
2258 1595 2337 1657 et
2382 1607 2497 1657 se-

412 1696 707 1769 missem
751 1696 1185 1793 peripheriae
1238 1698 1544 1782 circuli;
1595 1698 1737 1772 nisi
1780 1698 2176 1795 aliquando
2213 1721 2300 1771 ea
2332 1721 2498 1795 qnae

414 1832 642 1905 prope
676 1820 870 1899 sunt,
905 1810 1122 1906 longe
1150 1833 1663 1907 quaereremus.

514 1921 940 2018 Diagonalis
976 1924 1364 2019 cujuslibet
1392 1948 1484 1997 ex
1518 1923 1737 1997 dictis
1771 1923 2091 1997 sedecim
2119 1923 2500 2019 quadratis

414 2035 794 2108 subtendit
827 2036 1188 2110 decimam
1222 2050 1512 2135 partem
1547 2038 1775 2112 totius
1801 2040 2180 2135 perimetri
2216 2038 2500 2126 circuli,

415 2149 522 2221 ita
555 2161 641 2221 ut
674 2172 887 2224 arcus
923 2150 1041 2224 SG
1075 2149 1172 2223 sit
1206 2175 1352 2224 una
1384 2152 1737 2249 vigesima
1757 2176 1926 2249 pars
1961 2154 2142 2249 ejus,
2170 2165 2248 2225 et
2282 2174 2500 2224 arcus

421 2262 613 2336 GTE
656 2274 805 2337 tres
848 2264 1214 2338 vicesimae
1260 2278 1534 2362 parteS,
1573 2276 1649 2338 et
1699 2289 1951 2338 rursus
1991 2266 2125 2339 ER
2157 2265 2508 2338 vicesima

414 2400 584 2472 pars
620 2375 971 2472 ejusdem,
1010 2391 1087 2453 et
1141 2401 1356 2451 arcus
1406 2378 1554 2468 RS,
1593 2389 1855 2477 quarta
1888 2402 2063 2475 pars
2115 2378 2344 2452 totius
2376 2401 2508 2474 pe-

416 2490 725 2578 rimetri,
782 2492 1105 2590 quinque
1166 2491 1531 2568 vicesimae
1596 2505 1863 2590 partes.
1965 2492 2162 2567 Nam
2230 2491 2294 2566 si
2365 2492 2507 2568 HT

419 2604 962 2679 semidiameter
1008 2606 1244 2680 divisa
1289 2607 1386 2680 sit
1430 2619 1761 2681 extrema
1804 2619 1883 2680 et
1933 2606 2177 2679 media
2221 2607 2507 2679 ratione

418 2715 493 2788 in
533 2717 611 2805 F,
647 2729 853 2790 recta
881 2717 1037 2807 HF,
1073 2721 1309 2816 majus
1345 2722 1502 2817 ejus
1536 2731 2022 2817 segmentum,
2051 2720 2328 2817 aequale
2366 2719 2510 2792 erit

420 2829 786 2902 subtensae
821 2854 1033 2904 arcus
1069 2832 1214 2923 GP,
1249 2858 1383 2929 per
1432 2835 1664 2908 Elem.
1700 2834 1848 2908 xiv.
1884 2858 2094 2930 prop.
2130 2844 2205 2907 4.

521 2941 839 3015 Reddidi
867 2944 1021 3039 jam
1067 2946 1429 3019 rationem
1465 2947 1791 3020 omnium
1826 2947 1982 3020 fere
2033 2946 2391 3019 linearum
2425 2945 2506 3019 in

415 3057 660 3152 figura
737 3056 979 3152 prima
1054 3057 1632 3156 descriptarum3
1720 3059 2077 3132 circulum
2145 3059 2506 3156 quadrato

417 3169 803 3266 aequalem,
860 3180 935 3245 et
989 3170 1264 3245 circulo
1326 3172 1767 3268 quadratum
1826 3173 2104 3268 aequale
2159 3173 2504 3257 exhibui;

418 3282 642 3355 etiam
676 3282 873 3356 inter
906 3295 1140 3356 totam
1173 3282 1308 3358 AB
1343 3298 1419 3358 et
1452 3286 1829 3359 semissem
1864 3287 2020 3382 ejus
2049 3285 2230 3360 duas
2257 3287 2506 3360 inveni

416 3396 696 3469 medias
733 3397 1084 3471 continue
1118 3398 1730 3495 proportionaleS,
1778 3399 1856 3474 id
1890 3410 2003 3474 est
2051 3401 2321 3474 cubum
2369 3401 2506 3475 dn-

418 3508 685 3603 plicavi
713 3541 731 3594 ;
784 3510 983 3607 quod
1017 3512 1240 3586 etiam
1275 3512 1624 3587 methodo
1661 3513 1805 3588 alia
1837 3525 2012 3588 ante
2037 3514 2378 3606 feceram,
2417 3539 2507 3590 ea

419 3645 684 3717 nempe
740 3647 905 3719 quae
956 3625 1331 3722 sequitur;
1393 3650 1542 3699 non
1593 3627 1947 3724 plenioris
1991 3640 2121 3703 aut
2171 3628 2505 3702 clarioris

421 3733 1067 3810 demonstrationis
1103 3761 1346 3829 causa,
1382 3739 1512 3812 sed
1546 3752 1630 3815 nt
1657 3741 2109 3839 objectiones
2141 3765 2188 3814 a
2218 3740 2509 3837 profes-

422 3846 705 3920 soribus
739 3851 1007 3924 nostris
1041 3853 1464 3948 geometriae
1498 3855 1811 3952 publicis
1846 3855 2088 3948 editae,
2124 3878 2345 3951 quam
2388 3853 2506 3927 in-

422 3971 613 4056 eptae
649 3960 797 4035 sint
823 3963 1082 4037 lectori
1117 3978 1492 4063 appareat.

1263 4274 1656 4294 ψ
