3094 5125
720 520 1570 575 PROPORTIONALIBUS
1612 522 1704 573 IN
1749 520 2117 573 GENERE.
2317 503 2454 583 471

371 691 593 765 rectis
632 691 773 780 BS,
799 691 956 781 RY,
984 690 1140 781 XL,
1170 691 1317 780 MI,
1355 691 1547 765 sicut
1593 700 1668 765 et
1721 691 1820 764 lE
1848 691 2200 788 parallela
2244 693 2465 766 rectis
2532 714 2862 756 APPENDIX.

372 806 534 893 DR,
560 806 711 895 SX,
738 806 914 894 YM,
941 806 1097 880 LK.

470 918 605 991 Est
639 941 816 1015 ergo
852 917 1428 1014 quadrilaterum
1465 918 1751 991 ImKnI
1781 918 2156 992 rhombus.
2215 919 2466 994 Quare

375 1032 524 1121 BT,
558 1032 705 1122 RZ,
738 1031 892 1122 Xd,
923 1032 1099 1120 Mm,
1132 1032 1250 1103 Kn
1275 1043 1446 1104 sunt
1471 1031 1822 1105 continue
1847 1032 2463 1129 proportionales:

372 1157 448 1217 et
468 1158 773 1241 propter
799 1146 1152 1242 angulum
1181 1144 1392 1234 BAS,
1420 1144 1652 1234 RAY,
1680 1144 1910 1235 XAL,
1934 1146 2125 1218 MAI
2154 1146 2469 1219 divisum

373 1260 467 1332 ab
505 1258 651 1331 AN
684 1259 1048 1349 bifariam,
1084 1270 1303 1332 erunt
1342 1258 1370 1340 (
1374 1281 1508 1354 per
1544 1257 1759 1332 Eucl.
1794 1259 1892 1331 vi.
1931 1259 2010 1350 3)
2045 1269 2268 1333 rectae
2303 1258 2468 1346 AB,

372 1373 534 1461 AR,
568 1371 927 1462 AX,AM‚
956 1372 1291 1462 AK,AE‚
1320 1373 1510 1445 sicut
1536 1383 1614 1446 et
1644 1372 1808 1463 AD,
1832 1372 1980 1462 AS,
1995 1373 2150 1463 AY,
2171 1374 2320 1463 AL,
2335 1373 2466 1462 ΑΙ,

373 1487 501 1558 AF
569 1486 921 1559 continue
980 1485 1596 1582 proportionales,
1704 1483 1968 1581 ltaque
2035 1486 2230 1559 inter
2284 1485 2467 1560 duas

371 1598 532 1685 AB,
554 1599 690 1672 AV
725 1598 960 1688 data8‚
994 1602 1317 1672 inventae
1372 1611 1546 1672 sunt
1600 1611 1916 1697 quatuor
1978 1600 2266 1687 mediae,
2304 1600 2464 1691 AR,

375 1712 542 1801 AX,
568 1711 747 1798 AM,
777 1713 941 1801 ΑΚ,
966 1712 1121 1785 sive
1155 1712 1303 1802 AS,
1331 1712 1490 1803 AY,
1515 1711 1670 1803 AL,
1702 1713 1829 1786 ΑΙ.

475 1824 594 1897 Ad
626 1824 1035 1899 mediarum
1057 1849 1445 1899 numerum
1472 1850 1768 1900 omnem
1802 1827 2466 1902 demonstrationes

374 1938 744 2034 applicare
818 1938 1145 2035 singulas
1206 1940 1658 2036 impossibile
1717 1953 1852 2015 est.
1986 1941 2466 2015 Manifestum

374 2065 624 2126 autem
659 2063 794 2140 est,
832 2051 1054 2147 quod,
1090 2052 1153 2125 si
1203 2076 1418 2126 arcus
1466 2053 1595 2126 BG
1646 2065 1936 2127 secetur
1985 2054 2464 2150 septifariam,

373 2165 687 2239 inveniri
723 2189 850 2238 sex
884 2165 1232 2239 rhombos
1264 2165 1499 2239 latera
1530 2167 1890 2240 habentes
1938 2167 2253 2241 totidem
2286 2192 2465 2240 con-

374 2279 580 2353 tinue
632 2278 1239 2374 proportionalia,
1277 2290 1353 2351 et
1405 2295 1942 2375 consequenter
1976 2304 2103 2354 sex
2155 2280 2464 2363 medias;

374 2391 996 2489 quemadmodum
1057 2414 1147 2463 ex
1203 2392 1631 2465 trisectione
1687 2394 2009 2467 inventae
2064 2406 2238 2466 sunt
2300 2393 2467 2466 duae

374 2506 662 2595 mediae,
685 2518 762 2579 et
790 2528 880 2579 ex
910 2506 1542 2604 quinquisectione
1569 2518 1884 2603 quatuor
1911 2507 2207 2592 mediae3
2243 2518 2467 2604 atque

375 2620 484 2693 ita
518 2620 596 2692 in
631 2620 1002 2692 infinitum
1035 2644 1171 2715 pro
1209 2620 1472 2693 mediis
1507 2644 1813 2693 numero
1849 2620 2172 2716 paribus,
2259 2620 2471 2694 Datis

377 2744 623 2804 autem
682 2733 1008 2827 paribuS,
1057 2733 1294 2807 omnis
1354 2734 1766 2808 mediarum
1824 2757 2173 2808 numerus
2233 2735 2470 2830 impar

375 2844 589 2917 facile
624 2844 1023 2916 innotescit
1053 2868 1188 2940 per
1221 2846 1712 2941 sumptionem
1743 2848 1937 2920 inter
1958 2847 2284 2943 singulas
2305 2871 2469 2943 pro·

374 2956 826 3053 portionales
863 2956 1319 3051 singularum
1355 2959 1788 3032 mediarum.
1843 2960 2265 3033 Invenimus
2287 2984 2468 3056 ergo

377 3069 807 3143 methodum
841 3069 1259 3164 generalem
1307 3070 1729 3144 inveniendi
1783 3073 1976 3145 inter
2011 3073 2192 3146 duas
2226 3085 2469 3146 rectas

376 3183 587 3257 datas
645 3181 924 3255 medias
985 3193 1457 3279 quotcunque
1522 3207 1658 3279 per
1723 3185 2126 3258 sectionem
2185 3186 2465 3282 anguli.

377 3295 771 3373 Quomodo
807 3306 1055 3368 autem
1082 3295 1393 3391 angulus
1420 3296 1499 3368 in
1521 3296 1809 3369 ratione
1832 3296 2008 3371 data
2030 3323 2468 3397 quacunque

374 3410 734 3484 secandus
769 3409 889 3498 sit,
926 3407 1310 3481 docuimus
1347 3430 1591 3504 supra,
1631 3408 1808 3505 Cap.
1836 3412 2013 3485 xxii.

478 3524 688 3608 Haec,
736 3543 1157 3617 quanquam
1206 3530 1411 3594 certa
1463 3534 1541 3595 et
1597 3522 2123 3615 demonstrata,
2172 3550 2470 3599 corrue-

375 3647 543 3708 rent
577 3648 849 3718 tamen‚
885 3635 946 3707 si
981 3658 1238 3707 verum
1290 3647 1484 3708 esset
1518 3637 1717 3732 quod
1770 3637 2185 3734 algebristae
2231 3639 2470 3712 nostri

377 3748 658 3835 dicunt,
695 3745 1021 3820 radicem
1054 3747 1346 3820 numeri
1369 3750 1736 3844 quadrati,
1763 3763 1838 3824 et
1871 3752 2130 3848 figurae
2154 3752 2472 3849 quadra-

379 3874 477 3934 tae
511 3860 707 3932 latus
743 3859 940 3932 idem
968 3884 1148 3934 esse.

476 3972 1078 4047 Examinabimus
1122 3975 1280 4069 jam
1332 3974 1618 4072 logicae,
1679 4000 1901 4073 quam
1952 3976 2060 4050 illi
2098 3978 2470 4072 jactitant,

380 4087 878 4163 severitatem.

478 4199 836 4273 Vitiosam
887 4221 1046 4272 esse
1093 4200 1302 4274 aiunt
1361 4201 2091 4294 demonstrationem,
2138 4204 2216 4278 in
2252 4229 2472 4301 quam

377 4339 523 4388 non
581 4311 999 4406 ingreditur
1036 4337 1253 4386 omne
1305 4315 1383 4387 id
1434 4316 1635 4412 quod
1692 4315 1789 4388 ad
1848 4318 2472 4392 constructionem

380 4425 797 4502 assumitur.
900 4425 1059 4522 Ego
1118 4436 1398 4517 contra,
1455 4428 2155 4504 demonstrationem
2204 4432 2282 4504 in
2329 4455 2474 4527 qua
