3094 5125
519 466 665 531 262
1169 479 1278 531 nn
1320 480 1659 533 NATURA
1696 480 1969 533 Anius,

521 644 868 733 distenta,
891 667 1163 739 negare
1188 644 1386 733 n010‚
1412 656 1716 741 propter
1743 648 2095 742 maj0rem
2120 645 2612 741 quantitatem

523 768 938 831 atomorum
964 757 1284 848 follibus,
1311 759 1427 831 vel
1462 760 2064 855 corpusculorum
2091 759 2614 856 fuligineorum

521 872 614 945 ab
684 870 943 960 halitu,
1013 872 1460 945 inflatorum.
1575 873 1692 945 Ab
1767 874 2269 970 experimento
2340 883 2612 961 autem,

522 985 723 1081 quod
772 986 860 1058 fit
909 1009 954 1057 a
988 987 1230 1059 vesica
1273 986 1550 1074 inflata,
1604 987 1788 1060 nihil
1848 987 2207 1084 colligunt
2258 986 2458 1084 quod
2516 986 2616 1059 sit

523 1098 699 1171 satis
734 1108 1042 1172 certum.
1109 1100 1457 1195 Oportuit
1491 1100 1824 1173 lancibus
1859 1100 2238 1196 imponere
2267 1099 2412 1172 duo
2438 1123 2616 1171 vasa

520 1211 850 1308 pondere
896 1212 1230 1309 aequalia,
1287 1235 1600 1307 quorum
1647 1213 1963 1286 alterum
2017 1225 2215 1286 esset
2269 1224 2614 1285 accurate

523 1324 876 1413 clausum,
913 1324 1227 1398 alterum
1262 1335 1625 1420 apertum.
1713 1325 1836 1398 Sic
1871 1326 2067 1397 enim
2103 1348 2253 1397 non
2290 1324 2612 1412 inflatu8‚

521 1436 653 1510 sed
685 1438 1012 1511 inclusus
1046 1449 1362 1527 tantum,
1394 1461 1520 1510 aer
1544 1438 1993 1533 ponderatus
2021 1450 2238 1511 esset.
2295 1435 2614 1512 Quando

523 1550 749 1647 igitur
784 1575 1027 1625 aerem
1075 1552 1180 1624 sic
1226 1551 1714 1647 ponderatum
1751 1552 2057 1641 videbis,
2093 1550 2615 1623 meditabimur

520 1674 782 1761 postea
836 1665 1014 1761 quid
1070 1665 1464 1738 dicendum
1530 1665 1628 1738 sit
1692 1665 1785 1738 de
1852 1666 2340 1761 phaenomeno
2417 1662 2615 1758 quod

522 1778 882 1852 retuleris.
968 1779 1190 1854 Quod
1226 1780 1492 1852 attinet
1527 1778 1625 1851 ad
1659 1802 1954 1852 causam
1989 1779 2395 1874 gravitatiS‚
2433 1776 2615 1849 mihi

524 1892 820 1988 quidem
855 1892 1040 1965 nihil
1068 1893 1363 1966 videtur
1387 1893 1876 1982 verisimiliuS,
1903 1916 2124 1989 quam
2162 1890 2362 1988 quod
2395 1913 2619 1963 causa

523 2005 649 2079 illa
690 2030 857 2102 quae
901 2006 1150 2102 potuit
1182 2031 1228 2080 a
1260 2007 1625 2113 principio
1661 2007 2121 2102 homogenea
2177 2004 2617 2100 compellere

523 2129 599 2191 et
633 2119 1128 2214 heterogenea
1161 2119 1537 2216 dissipare,
1567 2120 1825 2193 eadem
1858 2143 2057 2192 nunc
2081 2130 2325 2216 potest
2358 2118 2617 2190 homo-

521 2255 781 2327 genea,
819 2231 1170 2328 dissipata
1203 2256 1335 2328 per
1369 2232 1816 2321 violentiam,
1844 2233 2112 2305 iterum
2140 2252 2616 2329 congregare,

524 2357 600 2417 et
684 2345 1182 2440 heterogenea
1247 2344 1322 2417 vi
1405 2345 1785 2440 compulsa
1848 2343 2207 2441 disjicere.
2362 2344 2617 2417 Motus

524 2468 797 2544 autem,
835 2456 959 2552 qui
993 2456 1070 2528 id
1103 2470 1371 2552 potest,
1409 2458 1596 2530 alius
1646 2481 1802 2530 esse
1838 2482 1988 2531 non
2039 2468 2289 2555 potest
2344 2469 2619 2554 praeter

522 2582 803 2642 motum
844 2570 1047 2642 illum
1085 2570 1514 2644 circularem
1552 2572 1981 2668 simplicem,
2019 2596 2237 2669 quem
2286 2572 2621 2645 definivit

528 2683 890 2770 Hobbius‚
928 2683 1117 2756 libro
1164 2705 1271 2757 nn
1328 2705 1741 2774 CORPORE,
1789 2710 1950 2783 cap.
1993 2710 2114 2774 XV,
2149 2685 2620 2782 appellatque

527 2795 796 2869 alicubi
802 2795 1494 2893 fermentationem,
1524 2810 1601 2871 et
1631 2798 1722 2872 de
1757 2823 1845 2873 eo
1870 2800 2399 2896 proprietatem
2426 2799 2620 2871 hanc

528 2907 1011 2996 demonstrat,
1050 2909 1250 3007 quod
1285 2925 1692 3008 congregat
1722 2914 2182 3008 homogenea
2217 2924 2293 2984 et
2323 2911 2620 2984 hetero-

526 3046 763 3117 genea
797 3022 1126 3120 dissipat.
1204 3025 1457 3098 Motus
1491 3038 1738 3098 autem
1772 3025 1990 3121 hujus
2025 3023 2320 3097 initium
2352 3023 2430 3095 in
2465 3023 2619 3095 sole

528 3158 686 3208 esse
721 3137 1090 3232 supponit.

633 3248 729 3321 B.
784 3249 1036 3324 Placet
1067 3249 1249 3322 mihi
1284 3260 1415 3323 tua
1448 3250 1684 3345 magis
1720 3249 2168 3346 hypothesiS,
2218 3271 2440 3344 quam
2493 3247 2622 3321 illa

529 3362 621 3435 de
656 3362 729 3434 vi
772 3362 961 3435 aeris
1016 3363 1335 3436 clastica.
1441 3363 1637 3436 Nam
1697 3363 1911 3436 video
1964 3362 2161 3458 quod
2219 3386 2264 3434 a
2309 3361 2620 3434 veritate

528 3475 747 3564 illius,
782 3476 1053 3548 veritas
1101 3475 1512 3572 dependeat
1544 3475 1661 3549 vel
1709 3477 1920 3550 vacui
1954 3476 2070 3548 vel
2118 3474 2358 3571 pleni;
2412 3473 2540 3547 sed
2575 3498 2621 3547 a

529 3587 841 3662 veritate
887 3588 1130 3684 hujus,
1177 3588 1360 3661 nihil
1417 3589 1749 3684 sequitur
1802 3589 1877 3661 in
1939 3601 2277 3661 neutram
2331 3600 2619 3683 partem

529 3703 975 3801 quaestionis.
1112 3703 1350 3791 AeriS,
1416 3703 1682 3800 inquit,
1752 3714 2127 3776 structura
2186 3700 2441 3774 similis
2508 3709 2623 3772 est

530 3840 969 3913 compressae
1022 3815 1236 3888 lanae.
1366 3815 1569 3888 Bene
1628 3826 1765 3888 est.
1890 3815 2097 3888 Lana
2155 3815 2240 3886 fit
2294 3838 2382 3886 ex
2451 3811 2618 3885 filis.

532 3930 788 4004 Recte.
929 3928 1076 4004 Sed
1135 3930 1343 4025 cujus
1410 3928 1720 4026 figurae?
1859 3928 1938 4001 Si
1995 3924 2620 4024 parallelopipedi,

531 4045 735 4118 nulla
800 4054 1049 4140 potest
1117 4066 1276 4116 esse
1360 4043 1807 4139 compressio
1875 4041 2197 4138 partium
2235 4068 2251 4112 z
2338 4041 2401 4113 si
2467 4062 2620 4112 non

529 4156 1155 4254 parallelopipedi,
1202 4168 1421 4229 erunt
1457 4156 1654 4228 inter
1686 4156 1812 4229 fila
1844 4155 1970 4227 illa
2006 4154 2246 4251 spatia
2282 4153 2620 4249 quaedam

531 4271 788 4343 relicta
818 4303 836 4354 ς
895 4295 1059 4367 quae
1094 4271 1156 4343 si
1189 4293 1423 4343 vacua
1462 4279 1659 4359 sunt,
1695 4280 2119 4366 supponunt
2152 4288 2488 4354 vacuum,
2525 4264 2622 4338 ad

530 4383 994 4478 probandum
1045 4384 1243 4481 quod
1291 4406 1604 4457 vacuum
1659 4395 1774 4456 est
1822 4380 2209 4479 possibile;
2262 4380 2324 4453 si
2376 4380 2617 4475 plena,
