3094 5125
601 397 745 463 352
1149 410 1707 463 PRoBLssMATA
1744 411 2128 464 Pnrsmn.

234 601 368 642 cu».
400 602 506 645 vn.
594 574 909 649 ferentia
935 573 962 647 ἓ
1066 576 1265 650 Num
1299 577 1567 650 virium
1596 601 1892 651 suarum
1920 589 2211 651 tantum
2243 577 2551 676 perdere
2603 579 2683 654 in

167 728 238 773 ι),
256 736 379 775 m„
399 746 494 790 W,
598 688 888 762 tantillo
922 689 1160 786 spatio
1194 703 1467 787 potest,
1504 702 1858 789 quantum
1894 704 2007 765 est
2039 691 2231 766 EG?

164 796 456 855 ¹²⁶¹²ffi⁰¹²¹⁸fi·
487 802 573 842 ⁶⁸⁰·
693 800 790 874 B.
842 801 1175 878 Minime.
1279 805 1791 901 Supponemus
1826 804 2023 877 enim
2070 804 2343 877 nullam
2382 806 2684 881 omnino

591 914 834 1011 perire
885 926 1175 1012 partem
1222 918 1660 992 velocitatis.
1766 916 1913 991 Sed
1972 940 2195 992 causa
2246 918 2684 994 differentiae

592 1040 727 1115 est,
760 1028 979 1125 quod,
1001 1029 1392 1106 velocitate
1411 1032 1793 1128 utriusque
1819 1031 1987 1127 pilae
2008 1032 2366 1106 existente
2388 1033 2681 1129 aequali,

588 1142 824 1216 altera
855 1141 950 1216 ad
983 1144 1341 1240 parietem
1395 1144 1613 1219 citius
1656 1168 1878 1243 quam
1911 1145 2146 1219 altera
2176 1145 2566 1242 perfertur,
2600 1147 2682 1219 in

590 1277 680 1328 ea
746 1266 1161 1353 temporum
1229 1258 1517 1332 ratione
1586 1281 1804 1354 quam
1872 1257 2099 1332 habet
2162 1258 2303 1333 EG
2362 1257 2457 1332 ad
2522 1259 2678 1332 EF.

593 1370 1036 1467 Quanquam
1071 1370 1266 1445 enim
1301 1371 1682 1469 utriusque
1731 1371 1899 1468 pilae
1934 1370 2415 1446 consideratae
2465 1371 2680 1446 abso-

589 1481 745 1555 lute
778 1482 1128 1557 velocitas
1162 1482 1415 1557 eadem
1452 1484 1571 1574 sit,
1600 1483 2064 1558 considerata
2088 1495 2335 1558 tamen
2372 1485 2449 1558 in
2482 1485 2678 1582 ipsa-

588 1615 755 1667 rum
788 1617 1088 1669 accessu
1120 1595 1217 1669 ad
1249 1595 1606 1693 parietem
1638 1597 1876 1692 major
1899 1607 2014 1671 est
2046 1596 2170 1671 illa
2202 1598 2281 1672 in
2299 1599 2433 1672 EF
2457 1621 2678 1695 quam

589 1708 667 1780 in
700 1708 864 1798 EG,
898 1708 977 1781 in
1011 1709 1296 1783 ratione
1330 1709 1654 1806 ipsarum
1689 1709 1845 1799 EF,
1879 1708 2042 1783 EG.

689 1820 787 1895 A.
844 1821 1161 1898 Quando
1196 1822 1346 1920 pila
1368 1847 1519 1897 non
1543 1832 1884 1920 penetrat
1908 1823 2290 1921 parietem,
2319 1823 2448 1897 sed
2468 1824 2563 1898 ab
2584 1848 2673 1898 eo

590 1939 1110 2035 repercutitur,
1145 1940 1556 2036 angulusne
1592 1938 1790 2013 idem
1836 1940 1923 2013 fit
1962 1962 2130 2012 cum
2168 1938 2451 2036 pariete
2496 1938 2675 2013 dum

589 2052 1108 2149 repercutitur,
1157 2052 1280 2149 qui
1336 2065 1498 2127 erat
1537 2076 1705 2127 cum
1753 2050 2150 2126 incideret:
2203 2063 2289 2126 ut
2343 2052 2502 2126 fieri
2550 2052 2671 2127 de·

588 2189 934 2262 prensum
971 2177 1085 2240 est
1117 2166 1194 2239 in
1232 2165 1457 2240 radiis
1492 2164 1902 2240 solaribus?

690 2278 786 2352 B.
844 2279 923 2353 Si
956 2280 1264 2375 angulos
1299 2280 1835 2354 mensuraveris
1868 2301 2099 2375 prope
2132 2277 2513 2374 parietem,
2536 2278 2669 2353 dif-

585 2391 902 2467 ferentia
948 2391 1310 2465 sensibilis
1355 2415 1508 2466 non
1557 2391 1721 2482 erit,
1768 2415 1934 2488 quae
1983 2390 2255 2487 alioqui
2302 2389 2442 2464 erit
2492 2392 2668 2467 satis

588 2528 877 2602 magna.
983 2504 1237 2579 Motus
1285 2504 1479 2579 enim
1526 2504 1696 2602 pilae
1741 2513 2096 2601 perpetuo
2143 2525 2188 2577 a
2233 2505 2668 2602 repercussi·

587 2641 731 2692 one
762 2616 1223 2713 languescit:
1277 2617 1477 2715 quod
1509 2641 1661 2692 non
1697 2619 1786 2691 fit
1834 2618 1912 2691 in
1954 2616 2380 2692 reflectione
2430 2618 2666 2693 radio·

588 2756 752 2806 rum
785 2730 1155 2805 solarium.

687 2845 788 2919 A.
845 2846 1203 2921 Quaenam
1238 2854 1352 2918 est
1384 2867 1609 2919 causa
1654 2843 2279 2942 repercussionis?
2382 2844 2666 2943 Corpus

586 2957 783 3032 enim
848 2957 1045 3056 quod
1100 2956 1500 3056 procedere
1561 2981 1714 3031 non
1779 2967 2051 3054 potest,
2112 2968 2396 3031 motum
2453 2981 2666 3033 suum

582 3070 926 3168 perdidit.
1033 3071 1249 3146 Unde
1285 3094 1463 3167 ergo
1495 3072 1824 3146 nascitur
1857 3080 2101 3145 motus
2134 3070 2258 3145 ille
2291 3095 2662 3169 repercus-

585 3185 810 3260 sionis
833 3186 859 3260 Ρ
1184 3174 1189 3178 ’

682 3300 784 3373 Β.
836 3299 1090 3374 Motus
1148 3297 1747 3397 repercussionis,
1804 3297 1997 3372 sicut
2058 3307 2136 3372 et
2195 3297 2659 3390 reflectionis‚

584 3413 822 3492 oritur
876 3436 924 3487 a
974 3413 1277 3511 parietis
1334 3412 1770 3487 resistentia.
1895 3411 2101 3485 Inter
2159 3411 2660 3486 reflectionem

581 3525 878 3600 luminis
934 3536 1013 3599 et
1068 3525 1238 3622 pilae
1300 3523 1835 3600 consideranda
1892 3523 2308 3598 differentia
2361 3535 2499 3616 est,
2549 3547 2659 3598 re·

583 3638 952 3736 spondens
1006 3638 1325 3713 motibus
1368 3637 1878 3713 differentibus
1921 3637 2318 3735 pressionis
2372 3649 2445 3711 et
2498 3660 2658 3735 per-

583 3752 961 3828 cussionis.
1062 3751 1284 3827 Actio
1326 3752 1523 3826 enim
1574 3775 1720 3850 qua
1771 3750 2176 3826 reflectitur
2223 3750 2499 3841 lumen,
2545 3759 2659 3824 est

581 3867 865 3965 pressio
885 3865 1100 3957 aeris,
1127 3865 1279 3940 sive
1302 3867 1802 3963 cujuscunque
1827 3863 2052 3939 medii
2081 3862 2453 3961 diaphani,
2486 3885 2656 3937 con·

579 3992 700 4057 tra
752 4004 1019 4079 corpus
1068 3978 1269 4055 unde
1323 3980 1774 4064 reflectitur;
1828 4001 2049 4076 quam
2101 3977 2323 4052 efficit
2364 3976 2497 4066 sol,
2538 3975 2657 4050 vel

581 4095 784 4170 aliud
815 4118 1080 4193 corpus
1129 4094 1383 4168 lucens
1414 4094 1532 4168 vel
1582 4092 2118 4177 illuminatum;
2173 4114 2311 4165 nec
2345 4091 2490 4164 alia
2537 4112 2654 4163 res

583 4219 699 4282 est
728 4217 1000 4305 praeter
1033 4217 1380 4282 conatum
1415 4205 1867 4281 contrarium
1898 4205 1978 4278 in
2012 4204 2459 4279 reflectente.
2547 4203 2654 4277 Ut

582 4320 877 4418 quando
910 4321 1051 4397 viri
1097 4321 1246 4397 duo
1276 4321 1701 4419 pectoribus
1731 4330 2151 4417 premerent
2192 4318 2377 4395 duos
2409 4315 2651 4392 baculi
