3094 5125
735 445 878 512 512
1286 462 1860 522 QUADRATURA
1900 462 2267 531 cmcnm,

307 656 391 697 m
414 656 582 697 paor.
598 657 703 698 vn.
732 625 935 723 quod
981 638 1152 701 ante
1202 652 1353 701 non
1403 628 1625 702 modo
1659 629 2035 704 confessus
2084 641 2270 719 erat,
2307 628 2434 703 sed
2474 629 2738 702 etiam
2788 629 2863 700 in

360 727 647 762 “““”’“““”
731 740 1264 834 objectionibus
1287 741 1437 815 suis
1457 740 1554 815 ad
1568 742 1900 838 quintam
1919 742 2510 839 propositionem
2527 742 2867 815 demon-

731 863 1132 926 straverat:
1186 854 1559 944 nimirum,
1613 856 1736 942 Zc,
1786 855 1920 943 1112,
1954 854 2062 945 eb,
2107 867 2184 929 et
2232 855 2564 952 proinde
2623 856 2867 929 etiam

730 965 866 1054 Ac,
919 967 1071 1054 AL,
1126 965 1261 1056 Ab,
1313 990 1472 1040 esse
1524 968 1873 1041 continue
1923 968 2560 1064 proportionales.
2683 968 2866 1040 Non

728 1078 979 1175 potuit
1029 1078 1224 1152 enim
1272 1104 1422 1152 non
1456 1079 1704 1153 videre
1740 1080 2178 1175 quadratum
2214 1082 2306 1155 ab
2343 1081 2500 1171 AL,
2550 1082 2732 1155 sive
2770 1080 2867 1153 ab

730 1192 886 1281 AC,
932 1191 1029 1265 ad
1063 1192 1503 1288 quadratum
1537 1193 1632 1266 ab
1666 1193 1803 1266 AY
1839 1193 1991 1266 sive
2024 1191 2164 1282 Ab,
2200 1217 2358 1267 esse
2393 1204 2481 1266 ut
2522 1203 2578 1266 5
2623 1193 2739 1267 ad
2779 1202 2866 1265 4:

729 1315 807 1378 et
839 1329 974 1401 per
1005 1329 1484 1402 consequens,
1511 1305 1950 1401 quadratum
1983 1306 2078 1379 ab
2107 1307 2216 1379 Ac
2247 1306 2345 1380 ad
2371 1306 2865 1402 quadratum

730 1418 825 1491 ab
860 1419 992 1492 AL
1022 1442 1183 1492 esse
1232 1419 1455 1492 etiam
1487 1432 1574 1492 ut
1610 1428 1653 1491 5
1690 1419 1787 1492 ad
1819 1429 1910 1492 4:
1964 1418 2276 1516 ideoque
2309 1420 2472 1508 AO,
2509 1419 2650 1492 Ac
2691 1441 2866 1492 esse

731 1531 1089 1628 aequales:
1144 1555 1235 1605 ex
1282 1555 1370 1605 eo
1405 1543 1656 1604 autem
1691 1531 1894 1626 quod
1930 1530 2368 1627 quadratum
2404 1532 2503 1605 Ze
2540 1531 2864 1628 aequale

731 1656 846 1716 est
890 1652 978 1718 10
1013 1644 1543 1718 decimissextis
1579 1644 1917 1741 quadrati
1952 1645 2109 1735 GC,
2138 1644 2346 1742 sequi
2387 1645 2646 1741 (quod
2687 1645 2861 1717 abs-

728 1780 871 1852 que
923 1781 1010 1831 eo
1061 1757 1528 1831 manifestum
1563 1758 1704 1851 est)
1763 1758 2204 1854 quadratum
2256 1759 2349 1832 ab
2384 1758 2498 1831 111,
2531 1756 2859 1855 aequale

729 1892 888 1944 esse
925 1879 972 1943 8
1007 1869 1561 1959 decimissextiS,
1597 1869 1747 1943 sive
1783 1870 2109 1960 dimidio,
2148 1870 2489 1969 quadrati
2538 1895 2596 1944 a
2658 1869 2806 1943 GC
2832 1896 2855 1938 ε

730 1994 806 2055 et
858 2007 993 2079 per
1043 2006 1499 2079 consequens
1536 1982 1759 2056 etiam
1793 1981 1932 2072 Ah,
1970 1983 2104 2073 Ae,
2140 1983 2306 2071 Am,
2341 1983 2480 2073 Ale,
2516 1995 2603 2058 et
2640 2007 2852 2081 prae-

728 2108 933 2170 terea
952 2096 1108 2186 AC,
1131 2097 1282 2186 AZ,
1311 2096 1444 2181 Ae,
1473 2095 1612 2185 Ale,
1642 2119 1799 2169 esse
1827 2096 2176 2169 continue
2202 2097 2842 2193 proportionales·

731 2209 921 2284 Quae
956 2222 1071 2284 est
1107 2210 1508 2307 duplicatio
1546 2208 1716 2283 cubi
1752 2232 1840 2282 ex
1876 2208 2105 2307 ipsius
2157 2208 2604 2285 Professoris
2647 2233 2844 2284 con-

726 2345 974 2397 cessls.

828 2436 976 2511 Sed
1028 2435 1282 2510 eadem
1339 2459 1593 2509 rursus
1645 2434 2271 2509 demonstratione
2322 2459 2457 2509 sua
2506 2435 2831 2511 evertit:

724 2552 934 2647 cujus
970 2549 1339 2625 sententia
1369 2549 1534 2623 haec
1571 2559 1704 2623 est.
1776 2549 1855 2624 Si
1889 2549 2015 2624 GC
2047 2549 2286 2625 'divisa
2322 2550 2420 2624 sit
2457 2550 2833 2647 quinque·

725 2664 1012 2750 fariam,
1046 2662 1485 2760 quadratum
1537 2664 1766 2737 totius
1797 2664 1940 2737 erit
1981 2664 2265 2762 aequale
2301 2671 2395 2738 25
2434 2662 2830 2760 quadratis

726 2800 772 2848 a
805 2788 1017 2872 parte
1053 2799 1185 2848 sua
1221 2774 1501 2870 quinta.
1605 2775 1704 2848 Et
1737 2776 1909 2872 quia
1957 2789 2165 2850 recta
2199 2777 2349 2867 AZ,
2384 2776 2502 2850 vel
2537 2777 2670 2867 Ze,
2712 2783 2832 2848 est

724 2887 761 2981 ζ-
799 2901 1021 2962 rectae
1049 2887 1207 2963 GC:
1236 2888 1676 2985 quadratum
1702 2913 1749 2962 a
1773 2890 1875 2962 Zc
1900 2889 2179 2986 aequale
2206 2886 2430 2982 erit}⁸
2468 2886 2826 2988 quadrati

727 3027 774 3075 a
808 3002 957 3076 GC.
1063 3001 1210 3075 Sed
1238 2998 1297 3094 -Ξ
1336 3002 1572 3097 majus
1599 3013 1709 3076 est
1744 3025 1964 3098 quam
2006 2998 2047 3094 ἒξ
2072 3058 2089 3076 .

825 3117 1022 3189 Vera
1055 3116 1217 3189 haec
1244 3138 1399 3189 esse
1426 3138 1771 3211 agnosco,
1800 3126 1876 3188 et
1912 3114 2351 3210 quadratum
2384 3114 2528 3190 hoc
2551 3137 2818 3191 nume-

724 3229 958 3306 ricum
1008 3252 1164 3301 esse
1226 3229 1321 3302 25
1380 3251 1695 3325 quorum
1748 3228 2190 3324 quadratum
2247 3229 2348 3301 Zc
2401 3240 2516 3301 est
2570 3238 2687 3320 16,
2731 3239 2820 3300 ,et

725 3341 1014 3438 singula
1049 3342 1397 3415 distincta
1422 3365 1466 3414 a
1495 3341 1634 3415 sibi
1661 3341 2035 3438 proximiS‚
2062 3342 2298 3416 tribus
2334 3342 2815 3439 longitudini-

722 3456 862 3529 bus
914 3453 1072 3527 sine
1123 3453 1539 3543 latitudine,
1594 3477 1904 3550 quarum
1961 3455 2125 3552 (per
2174 3454 2583 3549 Euclidem)
2640 3457 2815 3531 duae

726 3579 901 3642 sunt
950 3568 1279 3665 ipsorum
1330 3566 1857 3663 quadratorum
1909 3569 2428 3665 contiguorum
2486 3571 2813 3657 termini,

723 3683 945 3756 tertia
980 3694 1094 3755 est
1141 3679 1335 3753 inter
1382 3679 1544 3753 illos
1587 3680 1940 3756 terminos
1990 3682 2254 3755 media.
2357 3684 2603 3781 Atque
2650 3685 2811 3757 haec

720 3819 769 3869 a
815 3807 1359 3892 geometrarum
1416 3792 1794 3890 principiis
1843 3818 2017 3869 vere
2070 3794 2518 3886 derivantur,
2572 3821 2810 3895 quan-

725 3933 947 4007 quam
999 3907 1360 4006 aliquibus
1409 3905 1722 3979 fortasse
1772 3907 2025 4005 inepta
2073 3908 2543 3984 videbuntur.
2659 3907 2810 3985 Sed

724 4023 1387 4121 quomodocunque
1438 4018 1918 4116 accipiantur,
1972 4022 2331 4097 rationem
2381 4022 2805 4097 continuam

721 4147 1087 4211 rectarum
1139 4134 1658 4231 praedictarum
1692 4132 1846 4224 AC,
1882 4134 2044 4223 AY,
2083 4135 2230 4225 AZ,
2265 4146 2432 4225 etc„
2467 4159 2618 4209 non
2665 4135 2804 4210 tol·

716 4249 919 4323 lunt:
973 4260 1050 4322 et
1077 4271 1210 4345 per
1237 4270 1715 4343 consequens,
1742 4271 1977 4345 neque
2008 4247 2580 4345 duplicationem
2609 4250 2800 4338 cubi,

724 4385 889 4459 quae
925 4362 1076 4437 suis
1112 4371 1262 4437 stat
1295 4360 1705 4458 principiis:
1759 4386 1996 4461 neque
2033 4361 2443 4459 impediunt
2473 4362 2653 4460 quin
2686 4361 2801 4451 Gi,
