3094 5125
881 552 1509 605 MArnnMArmAE
1551 552 2035 604 nonmRNAE.
2370 539 2508 605 163

433 718 791 814 principia
824 742 972 791 non
1009 719 1185 792 satis
1217 718 1530 792 feliciter
1564 743 1850 816 semper
1882 732 2193 817 ponunt.
2268 720 2506 816 Opor-
2582 744 2880 785 mucuns

434 833 577 906 tuit
609 832 812 928 prius
848 831 1230 906 definitum
1276 857 1433 907 esse
1481 834 1660 929 quid
1704 834 1802 907 sit
1851 835 2251 920 inclinati0‚
2289 858 2507 929 quam
2586 898 2594 911 ,
2691 827 2749 866 v.
2859 894 2870 910 ‚

433 969 566 1042 per
639 944 1183 1018 inclinationem
1266 946 1668 1020 definiisset
1749 947 2099 1040 angulum
2181 948 2505 1043 planum.

437 1058 659 1133 Quod
693 1083 858 1131 cum
895 1082 1046 1131 non
1080 1058 1359 1149 fecerit,
1396 1059 1473 1132 in
1502 1083 1722 1132 causa
1754 1060 1894 1133 fuit
1924 1060 2122 1157 quod
2142 1061 2513 1134 Wallisius

433 1171 708 1244 frustra
741 1196 818 1245 se
852 1172 1150 1245 torserit
1184 1173 1260 1245 in
1298 1173 1598 1246 vocibus
1630 1188 1811 1252 κλίσις
1846 1186 1923 1246 et
1954 1190 2201 1246 ὰκλισία.
2306 1174 2516 1270 Sapit

436 1284 633 1357 enim
682 1284 1011 1359 definitio
1059 1285 1410 1359 Euclidea
1459 1285 1624 1382 plus
1681 1309 1899 1382 quam
1950 1288 2124 1360 satis
2178 1286 2269 1360 de
2314 1288 2517 1384 vulgi

438 1398 958 1495 imaginatione
1007 1400 1281 1496 anguli,
1320 1424 1488 1472 cum
1538 1399 1791 1473 dicant
1828 1400 1970 1473 hoc
2002 1402 2118 1473 vel
2164 1400 2346 1473 illud
2379 1425 2519 1472 non

409 1511 713 1608 sactum
750 1537 914 1586 esse
952 1514 1030 1586 in
1063 1512 1361 1612 angulo.
1426 1514 1550 1586 Sic
1581 1537 1870 1610 quoque
1905 1514 2175 1611 accipit
2201 1515 2515 1602 ClaviuS‚

440 1650 606 1700 cum
643 1638 900 1700 contra
935 1627 1370 1700 Peletarium
1408 1627 1812 1723 disputanS‚
1849 1627 2197 1723 angulum
2232 1640 2517 1700 rectum

442 1740 790 1834 majorem
826 1762 982 1812 esse
1030 1738 1212 1812 dicit
1259 1764 1478 1834 quam
1529 1753 1642 1812 est
1692 1741 2002 1835 angulus
2056 1741 2517 1828 semicirculi,

439 1864 526 1925 ut
557 1863 798 1925 totum
832 1877 1050 1948 quam
1084 1876 1299 1948 pars;
1354 1852 1705 1948 deceptus
1742 1876 1828 1926 eo
1866 1853 2066 1949 quod
2100 1854 2520 1950 superficies

441 1965 682 2061 aliqua
713 1966 1052 2062 intercipi
1089 1965 1381 2038 videtur
1415 1966 1612 2038 inter
1660 1989 1911 2038 arcum
1960 1976 2036 2038 et
2069 1977 2520 2062 tangentem.

444 2079 700 2175 Itaque
728 2090 1065 2151 naturam
1093 2079 1368 2174 anguli,
1392 2078 1595 2174 vulgi
1622 2102 1850 2168 more,
1873 2080 1949 2152 in
1977 2091 2181 2152 arcta
2206 2078 2522 2175 quadam

445 2192 826 2289 superficie
855 2193 1256 2267 consistere
1283 2192 1776 2265 arbitrabatur
1807 2221 1824 2264 ι
1875 2191 2073 2288 quod
2101 2204 2212 2265 est
2235 2192 2521 2265 falsum.

546 2304 646 2377 B.
700 2304 858 2378 Imo
923 2328 1120 2394 ver0,
1181 2304 1366 2377 adeo
1433 2304 1857 2394 absurdum,
1916 2318 2003 2377 ut
2070 2328 2284 2377 nemo
2344 2303 2526 2376 illud

445 2441 764 2514 unquam
800 2430 1053 2514 aperte
1089 2418 1333 2491 dicere
1368 2441 1588 2491 ausus
1624 2418 1762 2503 sit;
1818 2442 2260 2514 quanquam,
2296 2416 2525 2489 inhae-

446 2543 652 2608 rente
697 2530 826 2605 illa
881 2531 1066 2605 falsa
1110 2530 1660 2629 imaginatione,
1716 2530 1794 2606 id
1850 2531 2172 2607 dixerint
2229 2555 2319 2605 ex
2379 2554 2524 2627 quo

446 2644 699 2719 inferri
731 2645 981 2740 possit.

549 2756 646 2830 A.
699 2756 1103 2830 Audiamus
1123 2756 1776 2831 Wallisium.—-Et
1795 2758 2085 2854 quidem
2108 2757 2289 2853 ipsae
2312 2756 2528 2830 lineoe

449 2880 982 2960 concurrentes,
1016 2871 1351 2969 quamvis
1396 2879 1572 2944 totoe
1591 2869 1884 2965 forsan
1937 2868 2379 2943 inclinentur
2423 2870 2534 2942 acl

449 2983 773 3073 invicem,
827 2983 1180 3082 angulum
1227 2993 1470 3057 tamen
1524 3008 1667 3056 non
1726 2983 1917 3057 alibi
1976 3007 2184 3080 quam
2231 2982 2304 3055 in
2362 2983 2527 3079 ipso

436 3107 719 3196 puncto
761 3121 1162 3172 concursus
1191 3097 1944 3196 formant.—Nonne
1969 3096 2143 3169 hinc
2170 3097 2523 3193 sequitur,

447 3211 606 3306 ipsa
635 3224 913 3307 puncta
944 3212 1261 3285 formare
1296 3212 1645 3308 angulum
1675 3210 1700 3282 ?

546 3322 640 3397 Β.
695 3323 938 3397 Plane.
1048 3326 1144 3397 Et
1212 3324 1572 3421 siquidem
1629 3335 1986 3420 punctum
2047 3323 2166 3412 sit,
2234 3333 2321 3393 ut
2373 3322 2529 3393 vult

448 3436 840 3526 Wallisius,
877 3438 1083 3527 nihil,
1121 3438 1267 3511 duo
1303 3438 1535 3512 nihila
1567 3438 1990 3511 formabunt
2024 3434 2396 3531 angulum.

552 3550 650 3622 A.
703 3550 1066 3626 Videntur
1098 3552 1272 3624 mihi
1313 3552 1477 3625 duae
1518 3552 1755 3638 lineae,
1811 3550 2096 3623 etiamsi
2148 3574 2298 3621 non
2354 3573 2527 3622 con-

450 3674 774 3752 currant,
831 3664 894 3737 si
953 3675 1200 3737 tamen
1236 3665 1491 3738 eadem
1561 3664 1817 3760 regula
1871 3686 2017 3758 qua
2082 3676 2527 3757 generantur

452 3775 857 3871 productae,
895 3800 1361 3851 concursurae
1395 3780 1566 3867 sint,
1604 3778 1956 3873 angulum
1992 3778 2299 3850 efficere.

556 3888 654 3962 B.
709 3890 878 3963 Hoc
939 3889 1306 3985 quomodo
1368 3890 1464 3963 sit
1516 3890 1861 3985 possibile
1920 3890 2044 3962 vix
2096 3890 2525 3985 intelligam,

453 4000 593 4073 nisi
627 4002 861 4074 sciero
897 4003 1060 4097 quis
1095 4002 1190 4075 sit
1226 4026 1445 4099 quem
1476 4015 1560 4076 tu
1595 4003 1915 4099 appellas
1957 4003 2329 4099 angulum.

553 4112 649 4186 A.
709 4113 1088 4212 Angulani
1140 4115 1602 4212 simpliciter,
1674 4115 1967 4188 excluso
2021 4116 2293 4211 angulo
2354 4137 2529 4186 con-

454 4237 722 4314 tactus,
802 4227 1113 4322 appelle,
1184 4227 1421 4316 lineae,
1490 4253 1655 4325 qnae
1728 4227 2083 4300 circulum
2149 4224 2529 4315 describit,

455 4337 950 4412 conversionis
978 4339 1202 4411 totius
1223 4341 1645 4436 portionem
1666 4368 1693 4415 .·
1742 4339 2007 4438 anguli
2039 4350 2279 4412 antem
2304 4364 2532 4437 qnan-

460 4449 773 4541 titatem,
858 4452 1345 4550 quantitatem
1433 4477 1659 4527 arens
1784 4451 2094 4550 quolibet
2208 4462 2535 4550 tempore

2174 4590 2304 4640 M2
