3094 5125
816 518 1441 574 MA'rnnMAncAE
1481 520 1971 575 nomnaNAE.
2337 505 2430 570 35

318 708 502 781 ergo
573 684 663 759 id
739 686 936 783 quod
1004 697 1231 780 recte,
1311 711 1478 761 cum
1545 687 1792 783 vulgo,
1872 698 2045 761 ante
2115 686 2426 776 dixerat,
2495 709 2796 750 nutootrs

318 799 621 872 numeri
657 800 1107 898 principium
1153 824 1309 874 esse
1341 801 1728 890 unitatem,
1781 824 1980 875 nunc
2029 812 2272 874 mutat
2300 801 2430 874 Ρ-
2512 791 2796 893 *ξύ

322 912 492 986 Sed
555 923 641 987 et
709 914 884 1013 ipsa
949 915 1200 990 unitas
1263 939 1405 988 non
1465 914 1909 989 incommode
1973 939 2430 990 numerorum

319 1026 703 1126 catalogo
736 1030 1116 1103 accenseri
1136 1028 1907 1126 possis-Quomodo
1959 1054 2110 1103 non
2149 1030 2430 1104 incom-

320 1141 569 1232 mode,
610 1143 770 1216 nisi
809 1154 885 1216 et
917 1142 1142 1217 vere?
1231 1142 1379 1217 Sed
1429 1166 1656 1240 quare
1708 1168 1858 1217 non
1910 1142 2427 1217 incommode?

322 1251 546 1343 Quia,
586 1280 945 1329 numerus
976 1257 1071 1330 de
1102 1256 1296 1330 omni
1338 1255 1468 1329 illo
1513 1255 1796 1330 dicitur
1844 1280 1989 1354 quo
2042 1258 2434 1355 quaestioni

321 1378 512 1461 quot
549 1382 745 1441 sunt
778 1370 1219 1465 affirmative
1253 1369 1747 1467 respondetur
1767 1397 1795 1442 .·
1846 1381 1922 1443 et
1956 1371 2153 1467 quia,
2189 1370 2432 1444 arith-

326 1481 600 1554 metica
630 1482 891 1556 eodem
915 1482 1122 1556 modo
1157 1493 1235 1557 et
1261 1483 1618 1555 unitatem
1651 1492 1723 1556 et
1758 1493 2072 1557 coeteros
2097 1507 2431 1557 numeros

324 1600 653 1668 tractat.
823 1596 1065 1669 Multa
1120 1597 1347 1669 habet
1402 1596 1866 1670 theoremata
1932 1596 2279 1670 Euclides
2340 1597 2432 1670 de

331 1707 662 1781 numeris
692 1719 866 1804 post
898 1709 1260 1782 unitatem
1296 1720 1501 1782 certa
1533 1708 1820 1782 ratione
1842 1710 2430 1806 procedentibu8‚

333 1817 421 1891 de
451 1820 756 1895 unitate
789 1822 1096 1896 nullum.
1184 1822 1447 1920 Neque
1489 1822 1788 1918 quidem
1822 1825 2143 1897 numeris
2176 1824 2433 1920 primis

333 1947 685 2008 accenset
710 1934 1313 2009 unitatem.-—E't
1347 1935 1636 2031 quidem
1662 1936 1873 2032 apud
1893 1936 2433 2035 grammaticos

341 2068 695 2119 numerus
706 2047 1126 2145 singularis
1145 2048 1309 2121 sine
1318 2048 1732 2121 soloecismo
1745 2047 2434 2125 ‹licitum—Quam-

335 2181 557 2252 quam
590 2160 680 2233 in
714 2161 859 2234 hac
892 2161 1298 2257 quaestione
1337 2162 1989 2258 grammaticorum
2023 2161 2433 2235 authoritas

339 2295 481 2346 non
515 2274 844 2348 multum
877 2274 1120 2349 valere
1156 2274 1445 2364 debeat,
1480 2300 1631 2348 non
1680 2286 1929 2349 tamen
1976 2275 2144 2349 ideo
2180 2275 2436 2349 dicunt

338 2408 731 2461 numerum
766 2388 1237 2485 singularem,
1283 2388 1482 2484 quod
1525 2388 1836 2463 credant
1880 2389 2241 2463 unitatem
2275 2412 2434 2462 esse

336 2520 755 2586 numerum,
800 2500 934 2575 sed
983 2501 1184 2599 quod
1235 2501 1315 2575 in
1366 2525 1673 2576 numero
1724 2502 2022 2600 quidem
2079 2502 2434 2601 singulari

341 2610 738 2688 flexionem
804 2627 1087 2711 ponant
1154 2616 1473 2689 nominis
1558 2617 1760 2713 quod
1842 2617 2208 2714 significat
2275 2642 2432 2691 rem

342 2747 583 2818 unam,
635 2728 723 2801 in
783 2728 1048 2824 plurali
1103 2739 1374 2821 autem,
1426 2729 1744 2803 nominis
1800 2730 2003 2826 quod
2063 2730 2433 2827 significat

344 2862 453 2913 res
482 2841 763 2936 plureS.

434 2953 533 3027 B.
570 2969 840 3050 ἀκριβῶς.
875 2956 1226 3052 Sequitur
1239 2956 1480 3053 Caput
1491 2956 1756 3043 iii.,De
1766 2956 2430 3030 Demomtratione.

438 3070 537 3144 Α.
588 3070 1156 3144 Demonstratio
1184 3079 1300 3143 est
1318 3068 1828 3168 syllogismus,
1853 3069 1977 3165 qui
2002 3070 2433 3165 qffectiones

336 3185 706 3281 proprias
740 3183 836 3257 de
868 3183 1196 3279 suffecto
1218 3208 1372 3282 per
1391 3183 1770 3283 proprias
1825 3207 2099 3256 causas
2141 3183 2433 3257 demon-

347 3295 1128 3391 strat.—Intelligisne
1162 3318 1297 3392 per
1332 3295 1837 3369 definitionem
1881 3296 2073 3369 hanc
2124 3295 2302 3392 qnid
2335 3296 2434 3370 sit

350 3406 876 3484 demonstratio
910 3408 935 3480 ἓ

447 3522 539 3597 B.
597 3522 939 3609 Quidni?

443 3633 533 3710 A.
589 3636 970 3710 Intellexti
997 3659 1174 3731 ergo
1203 3635 1382 3732 quid
1402 3636 1765 3732 significat
1786 3662 1929 3711 vox
1954 3637 2432 3710 demonstrat.

358 3743 559 3824 Unde
593 3761 873 3840 autem,
901 3749 965 3823 si
998 3749 1376 3824 nesciebas
1411 3749 1590 3846 quid
1624 3761 1815 3824 esset
1849 3750 2429 3825 demonstratio?

444 3863 540 3937 B.
595 3865 835 3939 Recte
873 3864 1080 3938 dicis.
1183 3863 1377 3937 Nam
1428 3863 1751 3938 sciebam
1790 3876 1988 3950 ante,
2037 3889 2128 3937 ex
2173 3864 2432 3937 defini-

360 3972 544 4051 tione
603 3977 1106 4068 Aristotelica,
1150 4001 1371 4074 quam
1423 3989 1502 4051 et
1552 3977 1708 4076 ipse
1754 3978 2118 4075 apposuit,
2168 4001 2432 4072 nempe

361 4080 583 4165 hanc:
638 4100 911 4168 ἀποδείξω
952 4102 1035 4160 ἐςὶ
1079 4101 1455 4180 συλλογισμὸς
1513 4102 1892 4180 ἐπιε-ημονικὸς
1946 4102 2002 4169 ἐξ
2037 4104 2280 4172 ἀληθῶν,
2339 4104 2432 4160 καὶ

365 4213 586 4287 ῐρῶτων,
623 4218 713 4273 καὶ
759 4215 1013 4288 ἀμέσων,
1049 4215 1141 4271 καὶ
1178 4215 1603 4291 γνωριμοτέρων,
1651 4216 1741 4272 καὶ
1785 4215 2075 4291 προτέρων,
2112 4215 2201 4270 καὶ
2237 4211 2432 4272 αἰτίων

363 4337 447 4387 τοῦ
471 4337 961 4414 συμπεράσματος-τ
998 4343 1219 4417 quam
1251 4319 1375 4393 ille
1408 4318 1733 4393 reddidit
1763 4320 2198 4393 breviorem.

454 4432 545 4507 Α.
596 4435 721 4508 An
765 4431 1266 4507 definitionem
1317 4432 1632 4506 hominis
1669 4429 2214 4506 Aristotelicam
2265 4433 2431 4506 bre-

2116 4567 2170 4619 n
2205 4573 2235 4617 2
