3094 5125
816 452 1468 510 MA‘rnssMmlcAE
1510 455 1995 512 HonmnNAE.
2369 444 2463 524 87

402 624 514 700 B.
576 626 942 706 Verum.

394 735 505 812 A.
568 741 823 840 Ergo
865 746 1304 844 principium
1338 749 1667 825 scientiae
1700 761 1813 825 est
1840 751 2164 848 cognitio
2196 774 2458 827 causae.

406 852 521 926 B.
584 856 910 933 Etiam.

402 966 518 1041 A.
587 968 989 1068 Sequitur
1037 997 1211 1072 ergo
1260 976 1756 1072 cognitionem
1810 1002 2049 1053 causae
2095 981 2457 1055 contineri

297 1077 608 1155 debere
650 1084 756 1159 in
799 1086 1247 1162 definitione.

409 1193 527 1269 B.
593 1198 927 1274 Fateor.
2205 1280 2212 1285 ,

407 1309 492 1380 Α
506 1365 528 1383 .
594 1312 896 1408 Itaque
924 1316 1195 1412 optime
1222 1316 1582 1391 definiunt
1606 1316 1736 1406 illi,
1759 1318 1883 1414 qui
1907 1321 2456 1416 generationem

296 1423 423 1495 rei
458 1424 555 1498 in
600 1426 1060 1502 definitione
1094 1429 1483 1526 explicant.

425 1536 541 1612 B.
604 1540 880 1613 Etiam
913 1541 1054 1614 hoc
1087 1541 1461 1626 concedo;
1519 1552 1596 1614 et
1645 1542 1722 1615 in
1754 1543 2076 1618 Euclidis
2122 1544 2451 1642 sphaerae,

311 1651 535 1742 coni,
580 1666 680 1727 et
734 1653 1044 1750 cylindri
1090 1655 1662 1745 definitionibuS,
1722 1658 2231 1753 generationes
2292 1659 2453 1733 illo-

314 1785 505 1837 rum
545 1790 968 1864 corporum
1001 1768 1238 1859 video,
1274 1793 1692 1866 quanquam
1729 1794 1878 1843 non
1912 1771 2242 1845 similiter
2277 1771 2454 1845 defi-

320 1876 603 1953 nierat
641 1880 1030 1955 circulum.

442 1991 559 2065 A.
623 1994 737 2066 At
769 1993 1124 2067 circulum
1158 1993 1471 2067 describi
1503 2017 1740 2091 posse,
1792 1995 1919 2091 qui
1964 1994 2278 2069 describi
2311 1997 2454 2071 nisi

328 2127 480 2199 per
546 2120 851 2180 motum
907 2132 1061 2181 non
1117 2118 1388 2204 potest,
1451 2106 1645 2181 inter
1709 2108 2080 2204 postulata
2145 2121 2230 2182 ut
2296 2134 2453 2185 rem

335 2230 629 2295 notam
663 2221 895 2316 gratis
931 2220 1215 2294 sumsit.

452 2336 572 2408 Β.
630 2334 911 2408 Saltem
938 2334 1180 2408 dicere
1215 2334 1470 2407 debuit
1501 2334 1866 2425 Euclides,
1895 2336 2258 2432 sphaeram
2293 2360 2451 2411 esse

348 2448 693 2521 solidum
726 2447 938 2545 quak
969 2449 1077 2537 fit,
1110 2449 1355 2544 potius
1392 2472 1608 2543 quam
1646 2450 1843 2545 quod
1873 2451 1985 2539 fit,
2021 2474 2110 2524 ex
2147 2452 2449 2525 circum-

355 2559 724 2637 ductione
759 2561 1219 2660 semicirculi.
1305 2561 1530 2635 Nulla
1565 2562 1760 2636 enim
1795 2575 1909 2637 est
1943 2566 2250 2660 sphaera,
2286 2590 2452 2663 quae

356 2697 504 2771 per
539 2676 1244 2751 circumductionem
1276 2674 1475 2748 facta
1507 2688 1622 2748 est
1655 2700 1702 2749 a
1732 2688 2022 2750 natura.

468 2786 565 2862 A.
622 2789 774 2863 Qui
826 2789 1098 2885 figuras
1154 2787 1536 2878 definiunt,
1592 2788 1792 2862 ideas
1853 2813 2016 2885 quae
2071 2791 2147 2863 in
2205 2792 2451 2866 animo

369 2914 570 2993 sunt,
606 2928 759 2977 non
793 2904 952 3000 ipsa
996 2925 1309 2999 corpora
1360 2902 1812 2998 respiciunt;
1866 2915 1941 2976 et
1994 2928 2085 2976 ex
2143 2904 2233 2977 iis
2288 2928 2451 3000 quae

370 3017 872 3114 imaginantur
892 3016 1109 3111 fieri,
1147 3014 1519 3089 deducunt
1553 3017 2042 3112 proprietates
2088 3016 2451 3091 factorum

370 3132 742 3222 similium,
802 3155 850 3204 a
907 3153 1345 3226 quocunque
1399 3140 1476 3201 et
1534 3128 2196 3226 quomodocunque
2253 3131 2453 3205 facta

370 3256 564 3319 sunt.

470 3358 807 3432 Vidimus
882 3361 1039 3454 jam
1103 3355 1464 3455 principia
1531 3356 1952 3452 geometriae
2020 3355 2295 3430 tradita
2354 3357 2447 3430 ab

370 3471 718 3546 Euclide:
791 3496 1106 3569 quorum
1139 3472 1385 3568 aliqua
1418 3469 1738 3565 quidem,
1776 3471 1904 3546 sed
1936 3495 2174 3569 pauca
2208 3471 2448 3545 minus

372 3598 717 3661 accurata
763 3588 1256 3672 mutavimus;
1317 3587 1601 3684 reliqua
1645 3597 1731 3660 ut
1786 3584 2451 3682 irreprehensibilia

371 3701 639 3795 partim
671 3699 1232 3797 praeterivimus‚
1266 3702 1538 3797 partim
1577 3698 2190 3774 confirmavimus.

465 3812 565 3887 B.
618 3814 1105 3887 Revertamur
1138 3837 1316 3910 ergo
1356 3813 1451 3887 ad
1484 3813 1918 3901 Wallisium,
1966 3821 2043 3885 et
2085 3810 2282 3884 unde
2337 3811 2448 3884 di-

370 3928 600 4024 gressi
635 3951 912 4017 sumuS,
945 3951 1208 4023 nempe
1241 3926 1337 4000 ad
1373 3927 1615 4023 Caput
1640 3926 2026 3999 decimum.
2131 3925 2348 4009 Nam,
2385 3926 2448 3997 si

368 4039 552 4115 bene
585 4040 915 4129 memini,
952 4065 1238 4115 eramus
1270 4040 1367 4114 ad
1400 4039 2011 4137 philologicorum
2057 4050 2133 4112 et
2167 4036 2449 4132 Capitis

366 4155 541 4229 noni
573 4156 828 4242 finem,
866 4166 1045 4227 tunc
1078 4177 1247 4227 cum
1283 4153 1569 4250 digredi
1603 4153 2027 4249 incepimus.

457 4266 549 4344 A.
609 4268 764 4343 Sed
799 4266 1215 4341 differamus
1249 4267 1406 4341 haec
1440 4268 1519 4341 in
1554 4267 1905 4356 triduum,
1935 4289 2081 4362 quo
2116 4274 2446 4357 tempore

356 4385 566 4460 lectis
603 4381 1101 4458 arithmeticae
1134 4383 1290 4478 ejus
1319 4406 1482 4478 quae
1507 4391 1816 4468 restant,
1845 4403 1933 4452 ea
1966 4386 2248 4450 tantum
2280 4399 2445 4471 quae

2538 659 2838 702 mamone

2658 741 2722 780 11.
