3094 5125
734 474 1407 529 MATunuArlcAE
1447 475 1933 528 HonmRNAE.
2299 464 2393 529 53

246 635 540 728 deinde,
607 658 1040 743 resumpta
1083 646 1390 735 unitate,
1439 668 1588 719 non
1634 645 1730 719 ad
1774 645 2070 744 viginti,
2114 644 2242 718 sed
2294 645 2394 719 ad
2463 669 2766 712 numana

242 750 744 845 quindecim3
809 770 903 833 et
955 783 1208 833 rursus
1265 759 1579 856 repetita
1620 759 1906 833 unitate
1951 758 2046 832 ad
2077 758 2391 858 viginti3
2470 751 2758 855 s-i--ae

242 862 415 939 inde
469 868 579 941 ad
640 869 964 969 viginti
1022 872 1360 970 quinque,
1414 884 1491 945 et
1535 897 1581 946 a
1628 872 1901 970 viginti
1943 871 2257 970 quinque
2297 871 2396 945 ad

241 978 592 1076 triginti,
634 995 807 1058 etc.
841 1014 864 1057 ε
920 997 1275 1083 tanquam
1331 996 1496 1082 post
1560 985 1935 1075 decadem,
1986 1009 2121 1082 per
2174 986 2391 1060 unius

239 1101 546 1168 tantum
625 1120 935 1172 manus
1001 1099 1275 1196 digitos
1333 1110 1869 1196 computarent.
1974 1098 2123 1173 Sed
2188 1123 2392 1174 more

242 1228 373 1280 suo
429 1209 685 1284 nimis
741 1224 1067 1303 temere,
1103 1237 1241 1287 nec
1288 1213 1465 1287 satis
1516 1214 1781 1310 logice,
1815 1213 2393 1310 propositionem

243 1341 334 1392 ex
360 1320 855 1399 inductione
891 1326 1143 1400 intulit
1177 1326 1679 1402 universalem.
1769 1326 2195 1401 Memineris
2229 1351 2391 1403 cras

244 1434 524 1526 redire,
565 1439 807 1514 circa
845 1440 1156 1514 eandem
1191 1442 1470 1514 horam.

352 1548 457 1624 B.
515 1551 885 1628 Faciam.
986 1552 1193 1627 Vale.

792 2131 1295 2207 DIALOGUS
1367 2131 1917 2207 SECUNDUS.

375 2462 480 2535 Α.
542 2464 761 2537 Bene
798 2460 1126 2535 advenis.

385 2575 493 2649 B.
548 2574 893 2659 Gaudeo.

387 2691 492 2764 Α.
556 2689 835 2787 Capita
866 2688 1011 2763 tria
1052 2688 1384 2785 proxime
1431 2690 1812 2786 sequentia
1855 2691 2157 2787 perlegi,
2213 2690 2388 2764 dum

287 2799 622 2878 abesses.
740 2804 933 2876 Sunt
966 2814 1213 2876 autem
1251 2813 1409 2876 tota
1440 2803 1903 2900 philologica.

393 2917 505 2991 B.
561 2917 837 2990 Nonne
870 2915 1153 2989 erudite
1180 2917 1455 3012 scripta
1490 2918 1712 2991 sunt?

390 3031 499 3105 A.
556 3032 678 3104 An
726 3055 891 3128 quae
941 3053 1080 3103 nec
1118 3029 1352 3118 utilia,
1401 3054 1538 3103 nec
1583 3030 1791 3120 falsa,
1852 3053 1989 3103 nec
2057 3027 2392 3102 miranda

294 3158 501 3234 sunt,
539 3144 831 3240 placere
868 3166 1077 3239 posse
1113 3142 1546 3216 arbitraris?
1653 3143 1910 3240 Capite
1970 3154 2203 3232 sexto,
2264 3142 2391 3216 ubi

300 3258 700 3352 pollicetur
766 3257 1147 3330 nominum
1205 3256 1690 3330 numeralium
1748 3256 2179 3330 Latinorum
2235 3280 2392 3329 om·

301 3373 516 3444 nium
529 3369 1056 3443 derivationem
1077 3392 1123 3442 a
1141 3368 1558 3442 nominibus
1576 3369 2072 3443 numeralibus
2088 3369 2392 3459 Graecis,

304 3485 495 3558 nihil
527 3494 835 3580 praestat
865 3494 1354 3579 praeterquam
1391 3482 1591 3579 quod
1635 3484 2136 3579 conjecturam
2168 3482 2395 3557 faciat

308 3622 353 3672 a
384 3596 865 3672 similitudine
898 3596 1303 3670 literarum.
1386 3596 1492 3670 Ut
1537 3608 1823 3671 taceam
1872 3606 2120 3671 autem
2170 3595 2393 3693 quod,

308 3711 647 3807 promissi
683 3710 979 3800 oblitus,
1016 3709 1317 3783 deducit
1367 3709 1759 3784 secundum
1805 3733 1873 3799 a,
1923 3733 2073 3783 non
2110 3710 2392 3800 Graeco,

309 3848 580 3923 sequor
598 3853 631 3909 ;
702 3823 881 3920 quid
932 3823 1176 3897 tritius
1221 3846 1382 3897 esse
1426 3834 1670 3920 potest
1716 3848 1938 3920 quam
1988 3822 2129 3896 duo
2174 3848 2220 3897 a
2270 3831 2391 3913 δύο,

312 3949 463 4012 trae
495 3962 540 4013 a
576 3951 747 4027 τρεῖς,
801 3961 930 4010 sex
963 3938 1057 4011 ab
1091 3949 1168 4027 ἓξ,
1222 3950 1504 4032 septem
1550 3938 1643 4011 ab
1678 3945 1838 4027 ἔκτα,
1899 3948 2068 4010 octo
2125 3938 2218 4011 ab
2271 3944 2394 4003 ὄκνο

308 4051 692 4126 derivare?
820 4049 1021 4125 Quid
1087 4050 1408 4147 ineptius
1467 4074 1688 4146 quam
1751 4048 2009 4123 bellum
2060 4074 2108 4123 a
2162 4060 2396 4133 πόλεμος

314 4166 717 4250 deducere;
774 4174 852 4237 et
886 4188 1099 4236 unum
1135 4163 1379 4236 dicere
1415 4163 1625 4260 quasi
1659 4175 1692 4232 ὅ
1711 4173 1797 4252 ἓν,
1829 4161 2153 4256 (mallem
2186 4158 2394 4256 quasi

303 4286 497 4378 οὕνος),
543 4294 623 4356 et
656 4278 838 4353 inde
871 4300 1006 4371 per
1040 4277 1367 4366 hoenum,
1381 4276 1772 4374 sohenum,
1799 4274 2118 4362 boenum,
2144 4271 2394 4344 venire

305 4395 393 4468 ad
443 4397 711 4471 bonum
736 4419 766 4477 ,·
823 4389 998 4486 quia
1049 4390 1413 4466 scholares
1456 4390 1712 4474 dicunt
1746 4411 1975 4461 unum
2011 4397 2088 4460 et
2118 4386 2395 4462 bonum
