3094 5125
1142 519 1250 571 nn
1290 518 1630 573 NATURA
1669 518 1943 570 Anam.
2428 506 2575 572 295

506 684 710 757 culus
762 686 1268 760 arithmeticus
1306 711 1471 760 cum
1520 712 1566 761 a
1609 687 2060 783 geometrico
2096 686 2407 773 differat,
2444 710 2580 759 cur

502 797 870 871 tantillum
925 798 1195 889 differt,
1252 800 1622 888 nimirum,
1674 811 1948 897 quanta
2001 810 2114 872 est
2168 798 2582 872 differentia

501 911 694 983 inter
723 919 970 984 «1681
1016 922 1091 985 et
1120 914 1431 986 41682?

602 1024 701 1096 Α.
757 1023 953 1099 Quia
986 1024 1112 1122 qui
1162 1025 1394 1099 lineas
1446 1025 1945 1101 consideratas
1990 1026 2145 1098 sine
2188 1025 2580 1099 latitudine

499 1136 964 1233 multiplicat,
1000 1162 1148 1211 non
1182 1139 1361 1212 facit
1404 1138 1731 1235 planum,
1769 1139 1898 1212 sed
1955 1161 2345 1212 numerum
2398 1138 2581 1212 line-

497 1273 727 1323 arum.
833 1251 938 1323 At
971 1251 1091 1324 ille
1126 1253 1251 1348 qui
1286 1253 1555 1326 lineam
1577 1266 1854 1326 rectam
1890 1253 1966 1325 in
1994 1251 2263 1325 lineam
2298 1262 2574 1325 rectam

499 1360 724 1450 ducit,
750 1386 1138 1436 numerum
1173 1364 1533 1438 linearum
1569 1388 1717 1438 non
1737 1365 1941 1453 facit,
1963 1363 2093 1437 sed
2123 1362 2579 1459 superficiem

497 1475 815 1570 planam.
892 1477 1075 1550 Inde
1111 1468 1304 1550 enim
1334 1478 1745 1552 necessario
1783 1476 2075 1564 accidit,
2110 1477 2298 1549 utin
2332 1476 2581 1548 lateri-

497 1591 631 1663 bus
683 1590 1093 1686 planorum‚
1124 1602 1400 1688 puncta
1455 1615 1620 1688 quae
1675 1603 1849 1664 sunt
1901 1590 1979 1663 in
2036 1589 2323 1685 angulis
2379 1613 2578 1662 com-

496 1703 745 1776 munia
812 1703 1122 1776 duarum
1190 1716 1561 1778 rectarum
1622 1703 1735 1776 bis
1796 1711 2301 1789 numerentur,
2358 1712 2435 1774 et
2501 1701 2578 1774 in

494 1815 842 1890 lateribus
878 1818 1234 1891 cuborum
1268 1827 1404 1891 ter.

593 1928 693 2000 B.
746 1928 1088 2026 Intelligo
1142 1931 1320 2025 jam,
1357 1954 1506 2003 non
1542 1928 1764 2002 modo
1799 1928 1996 2026 quod
2031 1927 2444 2023 duplicatus
2482 1928 2578 2001 sit

496 2041 748 2131 cubuS‚
780 2041 970 2116 ratio
1013 2043 1394 2139 perimetri
1447 2041 1704 2115 circuli
1760 2041 1855 2115 ad
1901 2040 2188 2114 radium
2253 2040 2576 2130 inventa,

492 2177 666 2228 vera
698 2155 969 2252 cyclois
1004 2153 1394 2251 descripta,
1431 2166 1769 2228 centrum
1822 2152 2203 2251 gravitatis
2252 2152 2577 2225 semicir-

495 2269 640 2341 culi
707 2279 1104 2365 repertum‚
1173 2268 1484 2365 angulus
1543 2268 1620 2341 in
1689 2267 1863 2341 data
1922 2268 2209 2341 ratione
2276 2264 2575 2353 divisuS‚

493 2381 706 2456 lineae
739 2382 1103 2478 parabolae
1136 2382 1251 2455 vel
1277 2384 1773 2478 cujuscunque
1806 2378 2296 2477 paraboloidis
2332 2401 2577 2451 curvae

496 2494 797 2591 aequalis
855 2495 1156 2568 inventa
1210 2505 1461 2569 recta:
1515 2494 1647 2568 sed
1706 2493 1929 2568 etiam
1996 2516 2127 2566 cur
2196 2503 2368 2566 ante
2433 2489 2578 2564 hoc

496 2619 785 2704 tempus
839 2608 1156 2681 inventae
1216 2632 1365 2681 non
1426 2619 1621 2695 sunt,
1670 2631 1958 2703 nempe,
2020 2605 2220 2703 quod
2271 2605 2577 2703 perinde

497 2719 830 2793 habitum
883 2721 977 2793 sit
1018 2720 1504 2817 multiplicare
1539 2743 1656 2792 res
1690 2744 1824 2816 per
1856 2743 2243 2792 numerum
2298 2718 2576 2814 simpli-

498 2832 704 2922 citer,
740 2844 817 2907 et
838 2856 970 2929 per
1002 2856 1390 2906 numerum
1425 2856 1672 2905 rerum
1707 2831 2126 2905 earundem.

596 2945 696 3019 A.
751 2947 829 3019 Si
862 2959 1068 3020 recta
1099 2946 1190 3019 ai
1220 2945 1670 3042 producatur
1704 2946 1938 3018 donec
1973 2957 2175 3017 secet
2225 2943 2574 3038 diagona-

496 3058 642 3131 lem
700 3060 867 3149 DB,
919 3072 1105 3156 puta
1156 3059 1234 3132 in
1282 3058 1334 3149 l,
1382 3059 1525 3131 erit
1570 3057 1685 3131 Dc
1740 3057 2145 3154 diagonalis
2214 3055 2574 3153 quadrati,

497 3173 705 3268 cujus
728 3172 918 3246 latus
952 3186 1065 3246 est
1095 3170 1339 3246 media
1371 3171 1836 3244 arithmetica
1868 3171 2062 3243 inter
2098 3169 2244 3242 DY
2282 3178 2355 3241 et
2391 3168 2571 3241 DX.

498 3284 585 3358 Id
652 3286 848 3359 enim
916 3286 1245 3383 sequitur
1311 3284 1745 3373 necessario,
1802 3283 1864 3357 si
1919 3282 2140 3356 modo
2199 3282 2367 3371 DY,
2423 3281 2572 3353 DX

492 3399 751 3471 mediae
785 3398 932 3472 sint
964 3397 1549 3495 proportionales
1583 3397 1775 3470 inter
1808 3396 1954 3469 AD
1992 3408 2068 3468 et
2106 3395 2272 3468 AV.

590 3512 688 3584 B.
742 3511 1275 3586 Necessitatem
1310 3510 1509 3584 illam
1544 3509 1873 3583 nondum
1909 3509 2262 3605 percipi0.

592 3624 689 3698 A.
743 3625 908 3697 Nisi
932 3626 1038 3698 ita
1071 3648 1229 3698 esse
1250 3622 1672 3696 meditando
1706 3622 2033 3695 invenias
2068 3622 2245 3718 ipse,
2269 3618 2570 3692 demon-

494 3737 738 3809 strabo
777 3761 957 3834 ego;
1011 3737 1139 3810 sed
1174 3737 1317 3810 alio
1353 3748 1704 3830 tempore.

592 3847 686 3922 B.
742 3850 887 3923 Sed
953 3864 1345 3946 antequam
1408 3849 1888 3935 discedamus»,
1942 3848 2061 3921 dic
2118 3845 2296 3918 mihi
2339 3868 2434 3917 an
2477 3868 2565 3918 ex

496 3958 636 4032 illis
701 3961 933 4036 literis
993 3964 1080 4036 V.
1118 3964 1206 4036 A.
1258 3964 1350 4039 Q..
1399 3964 1489 4036 R.
1559 3961 1944 4036 authorem
2015 3960 2209 4033 nosti
2277 3958 2568 4055 proble-

493 4074 706 4147 matis
737 4074 763 4145 ἒ

592 4187 688 4258 Α.
742 4186 1006 4259 Literae
1047 4188 1190 4260 illae
1248 4188 1564 4262 initiales
1618 4199 1788 4263 sunt
1839 4188 2103 4260 horum
2150 4184 2565 4273 verborum,

504 4298 615 4370 Un
641 4301 884 4373 Autre
923 4301 1080 4384 Que
1109 4300 1492 4376 Roberval.

591 4413 685 4487 B.
742 4413 1057 4487 Discedo
1118 4416 1271 4510 jam
1331 4416 1590 4505 multo,
1644 4429 1730 4488 ut
1774 4413 1955 4486 mihi
2012 4410 2289 4495 videor,
2344 4431 2564 4504 quam
