3094 5125
1050 539 1714 594 anonam-nanum.
1881 500 1886 505 ’
2266 523 2413 601 437

446 702 527 777 Si
591 702 867 777 fuerint
925 717 1391 803 quotcunque
1458 706 2003 804 magnitudines
2071 707 2415 781 continue
2481 731 2619 776 ou».
2641 729 2792 772 ινιτ.

344 818 947 913 proportionaleS,
976 843 1282 914 quarum
1315 821 1552 916 prima
1587 832 1700 893 est
1732 820 2048 893 maxima
2078 851 2098 906 ;
2135 834 2413 916 quanto
2469 856 2789 917 Roepmdoffl

344 931 580 1027 prima
613 931 707 1004 ad
740 932 960 1005 aliam
994 956 1040 1004 a
1065 956 1142 1005 se
1174 934 1642 1008 remotiorem
1669 957 1886 1029 quam
1921 945 2032 1006 est
2057 934 2413 1029 proxima,
2468 925 2805 1035 {ffbffvssw

344 1044 698 1139 majorem
730 1045 1087 1118 rationem
1109 1045 1329 1119 habet
1352 1071 1570 1142 quam
1597 1046 1692 1118 ad
1719 1047 1951 1142 ipsam
1972 1046 2415 1142 proximamz

344 1168 553 1230 tanto
589 1158 664 1229 in
700 1157 955 1231 iisdem
994 1160 1643 1254 magnitudinibus»,
1670 1159 1961 1232 inverso
1990 1159 2247 1232 ordine
2274 1160 2416 1233 col-

344 1268 627 1359 locatiS‚
678 1270 978 1343 minima
1029 1273 1383 1367 majorem
1438 1272 1799 1344 rationem
1851 1272 2077 1345 habet
2130 1271 2225 1343 ad
2283 1271 2422 1344 sibi

345 1385 780 1478 proximam,
816 1409 1035 1480 quam
1070 1385 1163 1459 ad
1200 1386 1666 1459 remotiorem
1702 1385 1779 1457 in
1834 1385 2088 1458 eadem
2145 1385 2423 1458 distan-

345 1497 477 1570 tia.
579 1497 917 1593 Exempli
969 1498 1245 1594 gratia:
1298 1500 1372 1571 in
1427 1499 1541 1571 his
1597 1498 2248 1593 magnitudinibuS,
2299 1504 2420 1570 81.

347 1615 468 1692 27.
491 1618 560 1682 9.
589 1618 655 1682 3.
690 1619 750 1698 l,
789 1622 1064 1704 quanto
1128 1612 1364 1707 major
1410 1623 1522 1685 est
1576 1612 1765 1684 ratio
1822 1619 1909 1684 81
1969 1611 2066 1683 ad
2121 1619 2164 1683 3
2203 1634 2424 1705 quam

346 1723 536 1796 ratio
572 1731 659 1795 81
703 1722 799 1794 ad
846 1727 970 1811 27,
1006 1733 1215 1796 tanto
1250 1725 1484 1819 major
1518 1735 1628 1796 est
1684 1724 1872 1797 ratio
1918 1733 1945 1796 l
1989 1722 2085 1796 ad
2121 1733 2164 1796 3
2201 1747 2423 1818 quam

346 1836 535 1909 ratio
580 1845 608 1909 l
652 1834 748 1908 ad
781 1841 878 1918 27
910 1864 927 1907 :
967 1860 1382 1932 quanquam
1413 1851 1812 1933 geometrae
1840 1836 1966 1932 qui
2003 1861 2202 1909 nunc
2227 1846 2423 1926 sunt,

348 1948 425 2021 id
459 1972 612 2020 non
647 1948 1079 2022 concedant.

450 2062 596 2135 Sed
631 2086 723 2134 ex
755 2063 844 2135 iis
880 2087 1044 2159 quae
1090 2063 1447 2137 hactenus
1496 2063 1694 2136 dicta
1734 2074 1928 2153 sunt,
1967 2073 2260 2166 constat
2293 2086 2425 2136 na-

347 2185 591 2247 turam
626 2175 927 2249 tationis
975 2198 1067 2248 ne
1103 2175 1389 2249 Euclidi
1426 2175 1721 2273 quidem
1757 2178 2048 2272 penitus
2082 2199 2423 2272 perspec-

347 2300 499 2361 tam
533 2288 790 2373 fuisse;
828 2289 1058 2362 multo
1084 2301 1330 2362 autem
1358 2290 1599 2362 minus
1634 2289 1920 2373 Clavio;
1956 2288 2087 2362 sed
2125 2289 2424 2361 minime

349 2403 678 2475 omnium
743 2403 909 2491 illis,
976 2403 1100 2499 qui
1173 2426 1372 2475 nunc
1440 2402 1855 2498 algebristae
1919 2402 2420 2498 perhibentur.

350 2514 543 2589 Nam
578 2516 678 2604 hi,
714 2540 759 2589 a
796 2517 1049 2591 Clavio
1078 2517 1277 2591 docti
1313 2515 1943 2591 denominatorem
1975 2513 2282 2590 rationis
2316 2514 2421 2587 in-

351 2629 597 2702 dicare
630 2630 857 2724 ipsius
894 2631 1404 2726 quantitatem,
1446 2630 1563 2725 (ut
1598 2640 1670 2714 4,
1702 2630 1854 2704 sive
1885 2627 1970 2722 -ξ,
2000 2629 2429 2702 denominat

351 2742 768 2837 indicatque
796 2743 1279 2838 quantitatem
1315 2744 1621 2817 rationis
1655 2751 1701 2815 4
1737 2744 1832 2816 ad
1869 2754 1929 2832 1,
1960 2757 2035 2816 et
2067 2741 2108 2821 ξ
2145 2741 2427 2814 indicat

354 2854 712 2928 rationem
760 2864 805 2927 2
863 2854 959 2926 ad
1004 2863 1090 2927 3:
1142 2866 1313 2927 sunt
1365 2868 1614 2928 autem
1670 2856 1776 2929 illi
1833 2856 2426 2929 denominatores

352 2967 533 3041 nihil
569 2968 768 3040 aliud
801 2979 1071 3063 praeter
1106 2968 1519 3063 quotientes
1555 2979 1765 3042 natas
1792 2993 1883 3041 ex
1917 2968 2270 3042 divisione
2295 2991 2424 3040 nu·

352 3082 536 3155 meri
568 3104 701 3177 per
731 3082 1169 3173 numerum),
1206 3092 1483 3152 temere
1519 3081 1991 3176 arripuerunt
2031 3082 2236 3177 quasi
2269 3103 2428 3152 rem

354 3196 947 3282 demonstratam,
956 3193 1419 3290 fractionem
1444 3203 1520 3266 et
1544 3195 1913 3267 rationem
1932 3195 2238 3268 eandem
2261 3219 2427 3268 esse

351 3335 533 3399 rem,
568 3333 831 3405 nempe
865 3308 1355 3404 quantitatem
1389 3307 1798 3381 absolutam
1834 3320 1908 3381 et
1940 3309 2428 3404 quantitatem

356 3422 926 3519 comparativam
956 3453 975 3506 3
1031 3445 1194 3517 quae
1256 3421 1777 3517 comparativa,
1837 3421 2203 3518 quantitas
2272 3446 2429 3495 om-

354 3537 529 3611 nino
567 3560 717 3610 non
752 3546 865 3609 est
896 3536 1039 3609 nisi
1074 3546 1413 3631 respectu
1440 3534 1534 3607 ad
1560 3534 1776 3608 aliam
1803 3536 2182 3609 rationem.
2286 3535 2426 3607 Ra-

356 3650 576 3723 tionis
635 3650 831 3723 enim
889 3649 1397 3745 magnitudino
1465 3672 1617 3722 non
1689 3649 2221 3724 determinatur
2288 3672 2427 3722 nec

356 3764 743 3858 exponitur
788 3786 922 3860 per
972 3786 1194 3836 unam
1248 3763 1540 3847 lineam,
1575 3762 1764 3837 sicut
1799 3765 2169 3860 quantitas
2216 3762 2428 3834 abso-

352 3875 532 3963 luta,
569 3875 699 3949 sed
732 3899 865 3971 per
913 3875 1115 3950 duas.
1219 3876 1464 3972 Atque
1498 3876 1592 3949 ab
1640 3876 1779 3950 hoc
1827 3900 2076 3950 errore
2132 3886 2244 3947 tot
2298 3875 2428 3947 ab-

356 3987 577 4062 surda
635 3999 1087 4085 consequuta
1154 4002 1349 4076 sunt,
1401 4001 1490 4063 ut
1541 3990 1665 4062 vix
1736 4014 2004 4085 magno
2059 3987 2426 4062 volumine

356 4100 739 4174 commode
773 4101 1134 4174 contineri
1179 4101 1500 4198 possint:
1554 4125 1864 4198 quorum
1900 4101 2269 4197 praecipua
2311 4101 2427 4172 in-

356 4215 471 4288 fra
512 4214 764 4312 paucis
809 4213 1452 4304 considerabimus,
1500 4238 1650 4288 una
1706 4239 1873 4287 cum
1926 4212 2085 4286 aliis
2121 4235 2284 4308 quae
2338 4235 2430 4284 ex

356 4329 516 4402 aliis
552 4327 924 4425 principiis
959 4328 1158 4402 falsis
1193 4329 1269 4403 in
1303 4339 1847 4424 geometrarum
1880 4326 2151 4424 scripta
2196 4325 2426 4422 irrep-

361 4452 636 4517 serunt.
