3094 5125
1042 527 1714 581 GEoME‘rRARuM.
2272 511 2419 575 419

338 704 437 768 tae
472 694 643 783 sint,
680 695 833 769 sive
865 719 1017 769 non
1052 696 1218 768 sint;
1324 696 1582 789 Itaque
1619 693 1744 789 qui
1790 692 1973 766 tales
2023 704 2263 765 motus
2299 717 2417 766 ex·
2507 714 2641 754 cu.
2673 715 2782 755 xu.

339 807 798 903 cogitaverit,
832 808 1411 904 proportionalia
1446 808 1604 903 ipsa
1651 806 2190 895 determinabit,
2242 806 2421 879 duc-
2507 841 2751 885 nonnam

337 920 577 1016 tisque
614 921 825 994 lineis
854 922 1074 994 rectis
1110 919 1630 994 determinabit
1664 930 2127 1016 exponetque
2162 919 2418 993 oculis,
2504 907 2761 953 ‘'⁶⁰⁰³'’¹¹²

436 1033 666 1106 Factu
700 1047 948 1108 autem
985 1033 1277 1107 difficile
1311 1058 1462 1106 non
1495 1044 1631 1106 est.
1710 1032 1926 1105 Nosti
1960 1033 2179 1121 enim,
2216 1047 2422 1107 motu

336 1145 489 1219 sive
525 1147 752 1221 ductu
797 1148 1012 1222 lineae
1045 1147 1393 1220 uniformi
1444 1158 1693 1242 partes
1746 1146 1959 1218 lineae
2015 1146 2420 1243 descriptas

336 1259 735 1355 aequalibus
780 1260 1255 1356 temporibuS,
1293 1283 1582 1355 semper
1615 1282 1773 1331 esse
1809 1259 2005 1331 inter
2052 1283 2129 1332 se
2179 1285 2421 1355 aequa-

334 1372 464 1445 les,
535 1373 725 1445 Item
760 1373 822 1446 si
856 1373 1051 1446 linea
1086 1372 1453 1467 descripta
1487 1373 1583 1445 sit
1618 1371 1873 1444 eadem
1908 1395 2193 1468 semper
2221 1374 2418 1447 velo-

337 1484 583 1573 citate,
620 1497 868 1582 partes
904 1487 1062 1581 ejus
1099 1485 1501 1580 aequalibus
1537 1485 1995 1581 temporibus
2031 1485 2420 1583 descriptae

335 1621 491 1672 esse
518 1599 741 1673 etiam
774 1599 970 1672 inter
1006 1622 1085 1672 se
1121 1599 1461 1694 aequales,

439 1712 553 1785 Sit
586 1726 793 1786 recta
827 1712 959 1785 AB
998 1712 1368 1808 descripta
1420 1726 1630 1786 motu
1739 1769 1770 1804 Α
2058 1724 2091 1760 ¹'
2387 1726 2417 1761 ⁸

333 1825 709 1916 uniformi,
773 1826 849 1899 in
915 1837 1249 1922 tempore
1304 1849 1632 1921 quocun·
1838 1771 1881 1906 ζ
1990 1774 2029 2115 Ξ
2118 1776 2164 2169 ἶ
2322 1778 2368 1906 J

335 1966 521 2038 que:
560 1955 636 2016 et
669 1945 745 2016 in
779 1955 990 2040 parte
1026 1943 1273 2039 aliqua
1307 1942 1634 2038 ejusdem
1885 1978 1916 2014 ις
2252 2013 2281 2048 Β

332 2062 708 2157 temporis,
744 2062 1005 2134 eodem
1039 2073 1246 2134 motu
1286 2059 1636 2133 uniformi

2068 2216 2096 2250 C

336 2176 704 2275 descripta
737 2179 834 2253 sit
868 2179 1005 2252 AD
1032 2201 1201 2275 pars
1229 2187 1450 2250 rectae
1479 2176 1633 2250 AB.

336 2291 702 2367 Quoniam
758 2314 939 2389 ergo
992 2302 1235 2364 motus
1290 2291 1678 2364 uniformis
1732 2299 1893 2363 erat
1944 2289 2021 2362 in
2075 2290 2415 2362 omnibus

331 2405 665 2502 partibus
701 2403 1103 2501 aequalibus
1138 2404 1514 2500 temporiS,
1553 2402 1944 2498 descriptae
1993 2413 2212 2476 erunt
2243 2427 2414 2499 par-

331 2531 446 2593 tes
480 2518 799 2615 aequales
832 2529 992 2593 tum
1038 2517 1266 2593 totius
1308 2527 1530 2592 rectae
1567 2518 1724 2604 AB,
1758 2528 1919 2591 tum
1964 2528 2192 2590 rectae
2225 2516 2363 2591 AD
2393 2544 2410 2588 :

330 2632 482 2706 sive
537 2631 678 2705 illae
726 2643 974 2727 partes
1026 2632 1168 2707 toti
1215 2632 1347 2704 AB
1402 2632 1574 2720 sint,
1608 2631 1728 2706 vel
1786 2654 1938 2705 non
1993 2630 2168 2717 sint,
2218 2654 2416 2703 com-

329 2745 878 2822 mensurabiles.

433 2858 715 2932 Eodem
748 2867 1103 2954 tempore,
1138 2867 1346 2931 motu
1378 2857 1726 2931 uniformi
1760 2857 2055 2955 quidem
2090 2870 2174 2933 ut
2216 2869 2411 2948 ante,

332 2971 466 3047 sed
519 2969 866 3060 tardiore,
915 2971 1011 3044 sit
1063 2968 1430 3066 descripta
1478 2981 1685 3043 recta
1723 2971 1875 3061 AC,
1920 2971 2197 3046 faciens
2245 2996 2414 3045 cum

337 3086 469 3161 AB
522 3084 873 3180 angulum
920 3107 1430 3180 quemcunque
1484 3083 1713 3157 BAC:
1766 3096 1842 3158 et
1887 3109 2034 3181 quo
2083 3097 2415 3183 tempore

336 3198 705 3296 descripta
730 3208 891 3271 erat
917 3199 1077 3286 AD,
1102 3196 1355 3270 eodem
1387 3197 1845 3292 intelligatur
1873 3198 2239 3296 descripta
2256 3201 2411 3275 ΑΕ.

337 3312 587 3388 Quare
622 3312 699 3385 in
735 3311 955 3386 rectis
984 3311 1135 3401 AC,
1159 3311 1313 3399 AE,
1349 3334 1483 3407 pro
1517 3310 1849 3407 partibus
1886 3311 2040 3385 sive
2062 3314 2417 3409 portioni-

332 3425 471 3500 bus
506 3425 818 3523 sumptis
866 3426 942 3498 in
980 3426 1134 3513 AB,
1169 3424 1549 3520 portiones
1582 3425 1900 3522 aequales
1949 3448 2237 3523 semper
2286 3427 2415 3500 de-

336 3540 754 3613 scribentur
820 3539 898 3613 in
957 3539 1090 3613 AC
1121 3566 1139 3610 ε
1213 3537 1472 3611 eodem
1552 3538 1774 3613 modo
1842 3563 1990 3637 quo
2057 3552 2218 3614 tota
2286 3540 2417 3615 AB

336 3653 734 3749 respondet
766 3653 908 3727 toti
940 3652 1094 3741 AC,
1132 3661 1209 3724 et
1241 3674 1411 3747 pars
1445 3650 1584 3724 AD
1619 3653 1811 3747 parti
1846 3654 2005 3727 ΑΕ.

439 3766 841 3840 Habebunt
886 3790 1064 3862 ergo
1118 3777 1365 3862 partes
1400 3765 1715 3862 aequales
1765 3765 1981 3840 factae
2016 3767 2433 3864 aequalibus

335 3879 788 3975 temporibus
823 3880 899 3953 in
935 3878 1065 3952 AC
1098 3879 1195 3952 ad
1228 3890 1476 3975 partes
1509 3880 1823 3977 aequales
1856 3880 2088 3954 factas
2122 3880 2420 3976 aequali-

335 3990 477 4064 bus
530 3992 983 4087 temporibus
1032 3994 1110 4066 in
1148 3992 1277 4064 AB
1324 3990 1635 4065 eandem
1690 3991 2073 4080 rationem,
2112 3993 2418 4089 singulae

337 4103 436 4177 ad
469 4104 815 4203 singulaS,
844 4128 1063 4200 quam
1096 4106 1321 4178 habet
1353 4114 1515 4178 tota
1540 4104 1670 4178 AO
1691 4105 1787 4178 ad
1822 4116 2054 4177 totam
2082 4105 2238 4192 AB,
2266 4106 2418 4178 sive

338 4217 562 4291 etiam
589 4241 810 4314 quam
843 4217 1064 4291 habet
1091 4218 1221 4290 ΑΕ
1256 4218 1352 4291 ad
1379 4218 1538 4291 AD.
1608 4218 1853 4292 Etiam
1889 4230 2136 4314 partes
2165 4243 2419 4293 omnes

339 4329 740 4426 aequalibus
772 4329 1224 4425 temporibus
1257 4330 1476 4403 factae
1509 4330 1589 4402 in
1625 4330 1775 4418 EC,
1828 4329 2277 4423 (differentia
2309 4333 2422 4404 in-

337 4451 455 4515 ter
490 4441 642 4533 Ac,
677 4442 870 4535 ΑΕ),
904 4439 1011 4514 ad
1050 4454 1295 4537 partes
1331 4465 1587 4515 omnes
1621 4443 2024 4539 aequalibus
2071 4447 2423 4541 tempori-

1988 4580 2036 4632 Ε
2078 4581 2124 4632 Ε
2162 4584 2191 4627 2
