<?xml version="1.0" encoding="UTF-8"?>
<!DOCTYPE html PUBLIC "-//W3C//DTD XHTML 1.0 Transitional//EN"
    "http://www.w3.org/TR/xhtml1/DTD/xhtml1-transitional.dtd">
<html xmlns="http://www.w3.org/1999/xhtml" xml:lang="en" lang="en">
 <head>
  <title>
</title>
<meta http-equiv="Content-Type" content="text/html;charset=utf-8" />
  <meta name='ocr-system' content='tesseract 3.04.00' />
  <meta name='ocr-capabilities' content='ocr_page ocr_carea ocr_par ocr_line ocrx_word'/>
</head>
<body>
  <div class='ocr_page' id='page_1' title='image "./thomhobbesmalme02molegoog_0331.png"; bbox 0 0 3094 5125; ppageno 0'>
   <div class='ocr_carea' id='block_1_1' title="bbox 942 496 2473 566">
    <p class='ocr_par' dir='ltr' id='par_1_1' title="bbox 942 496 2473 566">
     <span class='ocr_line' id='line_1_1' title="bbox 942 496 2473 566; baseline -0.003 -1"><span class='ocrx_word' id='word_1_1' title='bbox 942 512 1503 566; x_wconf 73' lang='lat' dir='ltr'>PRoBLEMA‘rA</span> <span class='ocrx_word' id='word_1_2' title='bbox 1541 512 1930 565; x_wconf 71' lang='lat' dir='ltr'>Pnrsch.</span> <span class='ocrx_word' id='word_1_3' title='bbox 2329 496 2473 561; x_wconf 88' lang='grc'>319</span> 
     </span>
    </p>
   </div>
   <div class='ocr_carea' id='block_1_2' title="bbox 391 678 2486 4511">
    <p class='ocr_par' dir='ltr' id='par_1_2' title="bbox 393 678 2478 869">
     <span class='ocr_line' id='line_1_2' title="bbox 393 678 2478 778; baseline 0 -27"><span class='ocrx_word' id='word_1_4' title='bbox 393 678 848 774; x_wconf 84' lang='lat' dir='ltr'>plenitudine</span> <span class='ocrx_word' id='word_1_5' title='bbox 884 680 1283 778; x_wconf 89' lang='lat' dir='ltr'>supposita,</span> <span class='ocrx_word' id='word_1_6' title='bbox 1319 679 1688 776; x_wconf 93' lang='lat' dir='ltr'>quomodo</span> <span class='ocrx_word' id='word_1_7' title='bbox 1734 678 2269 754; x_wconf 82' lang='lat' dir='ltr'>demonstrabis</span> <span class='ocrx_word' id='word_1_8' title='bbox 2310 702 2478 776; x_wconf 89' lang='lat' dir='ltr'>pos-</span> 
     </span>
     <span class='ocr_line' id='line_1_3' title="bbox 394 793 1777 869; baseline 0 -3"><span class='ocrx_word' id='word_1_9' title='bbox 394 793 599 867; x_wconf 85' lang='lat' dir='ltr'>sibile</span> <span class='ocrx_word' id='word_1_10' title='bbox 635 795 933 868; x_wconf 91' lang='lat' dir='ltr'>omnino</span> <span class='ocrx_word' id='word_1_11' title='bbox 972 819 1130 868; x_wconf 90' lang='lat' dir='ltr'>esse</span> <span class='ocrx_word' id='word_1_12' title='bbox 1161 806 1248 869; x_wconf 89' lang='lat' dir='ltr'>ut</span> <span class='ocrx_word' id='word_1_13' title='bbox 1283 793 1777 868; x_wconf 81' lang='lat' dir='ltr'>divellantur?</span> 
     </span>
    </p>

    <p class='ocr_par' dir='ltr' id='par_1_3' title="bbox 391 905 2486 3018">
     <span class='ocr_line' id='line_1_4' title="bbox 491 905 2480 1005; baseline 0.002 -29"><span class='ocrx_word' id='word_1_14' title='bbox 491 905 585 979; x_wconf 91' lang='lat' dir='ltr'>B.</span> <span class='ocrx_word' id='word_1_15' title='bbox 640 908 906 1004; x_wconf 85' lang='lat' dir='ltr'>Cogita</span> <span class='ocrx_word' id='word_1_16' title='bbox 971 908 1210 1004; x_wconf 91' lang='lat' dir='ltr'>primo</span> <span class='ocrx_word' id='word_1_17' title='bbox 1280 932 1545 1005; x_wconf 90' lang='lat' dir='ltr'>corpus</span> <span class='ocrx_word' id='word_1_18' title='bbox 1613 908 1913 1005; x_wconf 82' lang='lat' dir='ltr'>aliquod</span> <span class='ocrx_word' id='word_1_19' title='bbox 1977 907 2274 993; x_wconf 83' lang='lat' dir='ltr'>ductile,</span> <span class='ocrx_word' id='word_1_20' title='bbox 2341 929 2480 980; x_wconf 93' lang='lat' dir='ltr'>nec</span> 
     </span>
     <span class='ocr_line' id='line_1_5' title="bbox 392 1019 2478 1118; baseline -0.001 -25"><span class='ocrx_word' id='word_1_21' title='bbox 392 1021 610 1095; x_wconf 89' lang='lat' dir='ltr'>nimis</span> <span class='ocrx_word' id='word_1_22' title='bbox 646 1020 937 1112; x_wconf 89' lang='lat' dir='ltr'>durum,</span> <span class='ocrx_word' id='word_1_23' title='bbox 986 1035 1074 1096; x_wconf 93' lang='lat' dir='ltr'>ut</span> <span class='ocrx_word' id='word_1_24' title='bbox 1125 1046 1394 1112; x_wconf 89' lang='lat' dir='ltr'>ceram,</span> <span class='ocrx_word' id='word_1_25' title='bbox 1454 1022 1530 1094; x_wconf 92' lang='lat' dir='ltr'>in</span> <span class='ocrx_word' id='word_1_26' title='bbox 1581 1021 1762 1095; x_wconf 92' lang='lat' dir='ltr'>duas</span> <span class='ocrx_word' id='word_1_27' title='bbox 1815 1033 2064 1118; x_wconf 89' lang='lat' dir='ltr'>partes</span> <span class='ocrx_word' id='word_1_28' title='bbox 2117 1019 2478 1094; x_wconf 85' lang='lat' dir='ltr'>distrahi:</span> 
     </span>
     <span class='ocr_line' id='line_1_6' title="bbox 394 1132 2484 1232; baseline -0 -26"><span class='ocrx_word' id='word_1_29' title='bbox 394 1158 558 1230; x_wconf 87' lang='lat' dir='ltr'>quae</span> <span class='ocrx_word' id='word_1_30' title='bbox 592 1146 842 1209; x_wconf 89' lang='lat' dir='ltr'>tamen</span> <span class='ocrx_word' id='word_1_31' title='bbox 888 1147 1135 1232; x_wconf 88' lang='lat' dir='ltr'>partes</span> <span class='ocrx_word' id='word_1_32' title='bbox 1193 1160 1342 1209; x_wconf 91' lang='lat' dir='ltr'>non</span> <span class='ocrx_word' id='word_1_33' title='bbox 1391 1136 1633 1208; x_wconf 89' lang='lat' dir='ltr'>minus</span> <span class='ocrx_word' id='word_1_34' title='bbox 1680 1147 1939 1209; x_wconf 81' lang='lat' dir='ltr'>exacte</span> <span class='ocrx_word' id='word_1_35' title='bbox 1985 1135 2064 1207; x_wconf 92' lang='lat' dir='ltr'>in</span> <span class='ocrx_word' id='word_1_36' title='bbox 2109 1132 2484 1207; x_wconf 91' lang='lat' dir='ltr'>communi</span> 
     </span>
     <span class='ocr_line' id='line_1_7' title="bbox 392 1245 2479 1344; baseline -0 -26"><span class='ocrx_word' id='word_1_37' title='bbox 392 1245 611 1341; x_wconf 94' lang='lat' dir='ltr'>plano</span> <span class='ocrx_word' id='word_1_38' title='bbox 648 1270 726 1320; x_wconf 90' lang='lat' dir='ltr'>se</span> <span class='ocrx_word' id='word_1_39' title='bbox 760 1260 1020 1321; x_wconf 92' lang='lat' dir='ltr'>mutuo</span> <span class='ocrx_word' id='word_1_40' title='bbox 1054 1259 1375 1344; x_wconf 83' lang='lat' dir='ltr'>tangunt</span> <span class='ocrx_word' id='word_1_41' title='bbox 1410 1272 1630 1344; x_wconf 92' lang='lat' dir='ltr'>quam</span> <span class='ocrx_word' id='word_1_42' title='bbox 1663 1247 2054 1321; x_wconf 87' lang='lat' dir='ltr'>laevissima</span> <span class='ocrx_word' id='word_1_43' title='bbox 2085 1268 2479 1318; x_wconf 91' lang='lat' dir='ltr'>marmora.</span> 
     </span>
     <span class='ocr_line' id='line_1_8' title="bbox 393 1357 2479 1456; baseline 0 -26"><span class='ocrx_word' id='word_1_44' title='bbox 393 1357 437 1430; x_wconf 85' lang='lat' dir='ltr'>J</span> <span class='ocrx_word' id='word_1_45' title='bbox 440 1382 556 1431; x_wconf 91' lang='lat' dir='ltr'>am</span> <span class='ocrx_word' id='word_1_46' title='bbox 629 1383 774 1456; x_wconf 92' lang='lat' dir='ltr'>quo</span> <span class='ocrx_word' id='word_1_47' title='bbox 840 1371 1059 1456; x_wconf 92' lang='lat' dir='ltr'>pacto</span> <span class='ocrx_word' id='word_1_48' title='bbox 1129 1359 1582 1434; x_wconf 90' lang='lat' dir='ltr'>distrahatur</span> <span class='ocrx_word' id='word_1_49' title='bbox 1649 1384 1843 1449; x_wconf 92' lang='lat' dir='ltr'>cera,</span> <span class='ocrx_word' id='word_1_50' title='bbox 1913 1358 2479 1432; x_wconf 86' lang='lat' dir='ltr'>consideremus.</span> 
     </span>
     <span class='ocr_line' id='line_1_9' title="bbox 394 1470 2484 1569; baseline -0 -25"><span class='ocrx_word' id='word_1_51' title='bbox 394 1470 662 1545; x_wconf 90' lang='lat' dir='ltr'>Nonne</span> <span class='ocrx_word' id='word_1_52' title='bbox 701 1485 1057 1569; x_wconf 89' lang='lat' dir='ltr'>perpetuo</span> <span class='ocrx_word' id='word_1_53' title='bbox 1103 1483 1555 1563; x_wconf 88' lang='lat' dir='ltr'>attenuatur,</span> <span class='ocrx_word' id='word_1_54' title='bbox 1592 1472 1828 1546; x_wconf 94' lang='lat' dir='ltr'>donec</span> <span class='ocrx_word' id='word_1_55' title='bbox 1862 1473 1939 1545; x_wconf 90' lang='lat' dir='ltr'>in</span> <span class='ocrx_word' id='word_1_56' title='bbox 1975 1471 2180 1546; x_wconf 88' lang='lat' dir='ltr'>filum</span> <span class='ocrx_word' id='word_1_57' title='bbox 2219 1470 2484 1544; x_wconf 88' lang='lat' dir='ltr'>evadat</span> 
     </span>
     <span class='ocr_line' id='line_1_10' title="bbox 392 1584 2483 1674; baseline 0 -18"><span class='ocrx_word' id='word_1_58' title='bbox 392 1584 921 1674; x_wconf 90' lang='lat' dir='ltr'>tenuissimum,</span> <span class='ocrx_word' id='word_1_59' title='bbox 958 1597 1034 1660; x_wconf 93' lang='lat' dir='ltr'>et</span> <span class='ocrx_word' id='word_1_60' title='bbox 1079 1587 1282 1660; x_wconf 88' lang='lat' dir='ltr'>omni</span> <span class='ocrx_word' id='word_1_61' title='bbox 1322 1586 1494 1660; x_wconf 94' lang='lat' dir='ltr'>dato</span> <span class='ocrx_word' id='word_1_62' title='bbox 1544 1610 1792 1659; x_wconf 91' lang='lat' dir='ltr'>crasso</span> <span class='ocrx_word' id='word_1_63' title='bbox 1848 1587 2185 1660; x_wconf 89' lang='lat' dir='ltr'>tenuius:</span> <span class='ocrx_word' id='word_1_64' title='bbox 2240 1596 2316 1659; x_wconf 92' lang='lat' dir='ltr'>et</span> <span class='ocrx_word' id='word_1_65' title='bbox 2375 1585 2483 1657; x_wconf 94' lang='lat' dir='ltr'>sic</span> 
     </span>
     <span class='ocr_line' id='line_1_11' title="bbox 391 1697 2485 1774; baseline 0 -4"><span class='ocrx_word' id='word_1_66' title='bbox 391 1697 690 1771; x_wconf 90' lang='lat' dir='ltr'>tandem</span> <span class='ocrx_word' id='word_1_67' title='bbox 726 1698 1148 1774; x_wconf 79' lang='lat' dir='ltr'>divellitur?</span> <span class='ocrx_word' id='word_1_68' title='bbox 1250 1699 1528 1773; x_wconf 92' lang='lat' dir='ltr'>Eodem</span> <span class='ocrx_word' id='word_1_69' title='bbox 1567 1698 1788 1772; x_wconf 96' lang='lat' dir='ltr'>modo</span> <span class='ocrx_word' id='word_1_70' title='bbox 1834 1699 2058 1772; x_wconf 91' lang='lat' dir='ltr'>etiam</span> <span class='ocrx_word' id='word_1_71' title='bbox 2095 1698 2485 1771; x_wconf 90' lang='lat' dir='ltr'>durissima</span> 
     </span>
     <span class='ocr_line' id='line_1_12' title="bbox 394 1811 2483 1909; baseline 0.001 -26"><span class='ocrx_word' id='word_1_72' title='bbox 394 1811 735 1885; x_wconf 92' lang='lat' dir='ltr'>columna</span> <span class='ocrx_word' id='word_1_73' title='bbox 767 1812 846 1884; x_wconf 91' lang='lat' dir='ltr'>in</span> <span class='ocrx_word' id='word_1_74' title='bbox 881 1812 1062 1887; x_wconf 92' lang='lat' dir='ltr'>duas</span> <span class='ocrx_word' id='word_1_75' title='bbox 1095 1824 1345 1909; x_wconf 86' lang='lat' dir='ltr'>partes</span> <span class='ocrx_word' id='word_1_76' title='bbox 1380 1813 1851 1901; x_wconf 85' lang='lat' dir='ltr'>distrahetur,</span> <span class='ocrx_word' id='word_1_77' title='bbox 1903 1813 1966 1887; x_wconf 92' lang='lat' dir='ltr'>si</span> <span class='ocrx_word' id='word_1_78' title='bbox 1998 1812 2146 1885; x_wconf 85' lang='lat' dir='ltr'>vim</span> <span class='ocrx_word' id='word_1_79' title='bbox 2196 1822 2483 1885; x_wconf 91' lang='lat' dir='ltr'>tantam</span> 
     </span>
     <span class='ocr_line' id='line_1_13' title="bbox 393 1922 2483 2022; baseline 0 -28"><span class='ocrx_word' id='word_1_80' title='bbox 393 1922 742 1997; x_wconf 88' lang='lat' dir='ltr'>adhibeas</span> <span class='ocrx_word' id='word_1_81' title='bbox 802 1939 1079 2022; x_wconf 90' lang='lat' dir='ltr'>quanta</span> <span class='ocrx_word' id='word_1_82' title='bbox 1141 1925 1410 1998; x_wconf 87' lang='lat' dir='ltr'>sufficit</span> <span class='ocrx_word' id='word_1_83' title='bbox 1470 1924 1565 1997; x_wconf 91' lang='lat' dir='ltr'>ad</span> <span class='ocrx_word' id='word_1_84' title='bbox 1627 1925 2117 1998; x_wconf 90' lang='lat' dir='ltr'>resistentiam</span> <span class='ocrx_word' id='word_1_85' title='bbox 2187 1923 2483 1997; x_wconf 91' lang='lat' dir='ltr'>duritiei</span> 
     </span>
     <span class='ocr_line' id='line_1_14' title="bbox 401 2037 2477 2135; baseline 0 -26"><span class='ocrx_word' id='word_1_86' title='bbox 401 2037 909 2133; x_wconf 89' lang='lat' dir='ltr'>superandam.</span> <span class='ocrx_word' id='word_1_87' title='bbox 1044 2038 1252 2112; x_wconf 89' lang='lat' dir='ltr'>Sicut</span> <span class='ocrx_word' id='word_1_88' title='bbox 1310 2040 1508 2113; x_wconf 92' lang='lat' dir='ltr'>enim</span> <span class='ocrx_word' id='word_1_89' title='bbox 1575 2038 1650 2110; x_wconf 91' lang='lat' dir='ltr'>in</span> <span class='ocrx_word' id='word_1_90' title='bbox 1708 2061 1881 2111; x_wconf 91' lang='lat' dir='ltr'>cera</span> <span class='ocrx_word' id='word_1_91' title='bbox 1935 2051 2185 2135; x_wconf 90' lang='lat' dir='ltr'>partes</span> <span class='ocrx_word' id='word_1_92' title='bbox 2237 2037 2477 2134; x_wconf 93' lang='lat' dir='ltr'>primo</span> 
     </span>
     <span class='ocr_line' id='line_1_15' title="bbox 395 2150 2479 2248; baseline 0.001 -26"><span class='ocrx_word' id='word_1_93' title='bbox 395 2150 685 2223; x_wconf 87' lang='lat' dir='ltr'>extimae</span> <span class='ocrx_word' id='word_1_94' title='bbox 741 2150 1273 2242; x_wconf 88' lang='lat' dir='ltr'>distrahuntur,</span> <span class='ocrx_word' id='word_1_95' title='bbox 1343 2151 1420 2224; x_wconf 91' lang='lat' dir='ltr'>in</span> <span class='ocrx_word' id='word_1_96' title='bbox 1482 2175 1792 2248; x_wconf 88' lang='lat' dir='ltr'>quarum</span> <span class='ocrx_word' id='word_1_97' title='bbox 1847 2152 2092 2224; x_wconf 88' lang='lat' dir='ltr'>locum</span> <span class='ocrx_word' id='word_1_98' title='bbox 2151 2150 2479 2224; x_wconf 89' lang='lat' dir='ltr'>succedit</span> 
     </span>
     <span class='ocr_line' id='line_1_16' title="bbox 393 2264 2482 2361; baseline 0 -25"><span class='ocrx_word' id='word_1_99' title='bbox 393 2287 560 2336; x_wconf 88' lang='lat' dir='ltr'>aer:</span> <span class='ocrx_word' id='word_1_100' title='bbox 615 2264 719 2336; x_wconf 89' lang='lat' dir='ltr'>ita</span> <span class='ocrx_word' id='word_1_101' title='bbox 753 2264 976 2337; x_wconf 90' lang='lat' dir='ltr'>etiam</span> <span class='ocrx_word' id='word_1_102' title='bbox 1021 2265 1100 2337; x_wconf 90' lang='lat' dir='ltr'>in</span> <span class='ocrx_word' id='word_1_103' title='bbox 1153 2287 1461 2361; x_wconf 85' lang='lat' dir='ltr'>corpore</span> <span class='ocrx_word' id='word_1_104' title='bbox 1511 2265 2052 2360; x_wconf 90' lang='lat' dir='ltr'>quantumlibet</span> <span class='ocrx_word' id='word_1_105' title='bbox 2113 2264 2298 2338; x_wconf 90' lang='lat' dir='ltr'>duro</span> <span class='ocrx_word' id='word_1_106' title='bbox 2354 2287 2482 2337; x_wconf 90' lang='lat' dir='ltr'>aer</span> 
     </span>
     <span class='ocr_line' id='line_1_17' title="bbox 392 2377 2486 2475; baseline 0 -26"><span class='ocrx_word' id='word_1_107' title='bbox 392 2377 634 2450; x_wconf 90' lang='lat' dir='ltr'>locum</span> <span class='ocrx_word' id='word_1_108' title='bbox 686 2378 881 2451; x_wconf 91' lang='lat' dir='ltr'>subit</span> <span class='ocrx_word' id='word_1_109' title='bbox 929 2379 1252 2475; x_wconf 88' lang='lat' dir='ltr'>partium</span> <span class='ocrx_word' id='word_1_110' title='bbox 1307 2377 1770 2467; x_wconf 87' lang='lat' dir='ltr'>extimarum,</span> <span class='ocrx_word' id='word_1_111' title='bbox 1820 2401 1983 2474; x_wconf 87' lang='lat' dir='ltr'>quae</span> <span class='ocrx_word' id='word_1_112' title='bbox 2023 2378 2280 2474; x_wconf 87' lang='lat' dir='ltr'>primae</span> <span class='ocrx_word' id='word_1_113' title='bbox 2324 2378 2486 2450; x_wconf 88' lang='lat' dir='ltr'>vul-</span> 
     </span>
     <span class='ocr_line' id='line_1_18' title="bbox 393 2490 2485 2589; baseline 0 -25"><span class='ocrx_word' id='word_1_114' title='bbox 393 2490 616 2565; x_wconf 91' lang='lat' dir='ltr'>sionis</span> <span class='ocrx_word' id='word_1_115' title='bbox 640 2491 914 2566; x_wconf 85' lang='lat' dir='ltr'>viribus</span> <span class='ocrx_word' id='word_1_116' title='bbox 950 2492 1493 2589; x_wconf 88' lang='lat' dir='ltr'>dirumpuntur.</span> <span class='ocrx_word' id='word_1_117' title='bbox 1561 2491 1692 2566; x_wconf 89' lang='lat' dir='ltr'>Vis</span> <span class='ocrx_word' id='word_1_118' title='bbox 1718 2504 1968 2566; x_wconf 91' lang='lat' dir='ltr'>autem</span> <span class='ocrx_word' id='word_1_119' title='bbox 1995 2516 2160 2589; x_wconf 87' lang='lat' dir='ltr'>quae</span> <span class='ocrx_word' id='word_1_120' title='bbox 2186 2502 2485 2588; x_wconf 85' lang='lat' dir='ltr'>superat</span> 
     </span>
     <span class='ocr_line' id='line_1_19' title="bbox 394 2605 2482 2702; baseline 0.001 -25"><span class='ocrx_word' id='word_1_121' title='bbox 394 2605 882 2678; x_wconf 89' lang='lat' dir='ltr'>resistentiam</span> <span class='ocrx_word' id='word_1_122' title='bbox 925 2607 1246 2702; x_wconf 91' lang='lat' dir='ltr'>partium</span> <span class='ocrx_word' id='word_1_123' title='bbox 1295 2607 1736 2680; x_wconf 81' lang='lat' dir='ltr'>extimarum</span> <span class='ocrx_word' id='word_1_124' title='bbox 1790 2605 1979 2696; x_wconf 91' lang='lat' dir='ltr'>duri,</span> <span class='ocrx_word' id='word_1_125' title='bbox 2014 2605 2231 2679; x_wconf 89' lang='lat' dir='ltr'>facile</span> <span class='ocrx_word' id='word_1_126' title='bbox 2266 2629 2482 2701; x_wconf 92' lang='lat' dir='ltr'>supe-</span> 
     </span>
     <span class='ocr_line' id='line_1_20' title="bbox 394 2718 2484 2815; baseline 0 -25"><span class='ocrx_word' id='word_1_127' title='bbox 394 2718 589 2791; x_wconf 92' lang='lat' dir='ltr'>rabit</span> <span class='ocrx_word' id='word_1_128' title='bbox 654 2719 1143 2791; x_wconf 90' lang='lat' dir='ltr'>resistentiam</span> <span class='ocrx_word' id='word_1_129' title='bbox 1210 2718 1680 2815; x_wconf 88' lang='lat' dir='ltr'>reliquarum.</span> <span class='ocrx_word' id='word_1_130' title='bbox 1808 2719 2001 2793; x_wconf 91' lang='lat' dir='ltr'>Nam</span> <span class='ocrx_word' id='word_1_131' title='bbox 2064 2719 2484 2793; x_wconf 91' lang='lat' dir='ltr'>resistentia</span> 
     </span>
     <span class='ocr_line' id='line_1_21' title="bbox 392 2830 2482 2930; baseline 0.001 -28"><span class='ocrx_word' id='word_1_132' title='bbox 392 2830 632 2927; x_wconf 89' lang='lat' dir='ltr'>prima</span> <span class='ocrx_word' id='word_1_133' title='bbox 664 2845 777 2905; x_wconf 89' lang='lat' dir='ltr'>est</span> <span class='ocrx_word' id='word_1_134' title='bbox 821 2856 866 2904; x_wconf 91' lang='lat' dir='ltr'>a</span> <span class='ocrx_word' id='word_1_135' title='bbox 899 2843 1061 2905; x_wconf 92' lang='lat' dir='ltr'>toto</span> <span class='ocrx_word' id='word_1_136' title='bbox 1109 2831 1320 2921; x_wconf 89' lang='lat' dir='ltr'>duro,</span> <span class='ocrx_word' id='word_1_137' title='bbox 1377 2832 1824 2928; x_wconf 90' lang='lat' dir='ltr'>reliquarum</span> <span class='ocrx_word' id='word_1_138' title='bbox 1858 2857 2032 2907; x_wconf 87' lang='lat' dir='ltr'>vero</span> <span class='ocrx_word' id='word_1_139' title='bbox 2094 2856 2382 2930; x_wconf 91' lang='lat' dir='ltr'>semper</span> <span class='ocrx_word' id='word_1_140' title='bbox 2436 2856 2482 2905; x_wconf 93' lang='lat' dir='ltr'>a</span> 
     </span>
     <span class='ocr_line' id='line_1_22' title="bbox 395 2944 711 3018; baseline 0.003 -1"><span class='ocrx_word' id='word_1_141' title='bbox 395 2944 711 3018; x_wconf 88' lang='lat' dir='ltr'>residuo.</span> 
     </span>
    </p>

    <p class='ocr_par' dir='ltr' id='par_1_4' title="bbox 397 3056 2484 3832">
     <span class='ocr_line' id='line_1_23' title="bbox 500 3056 2481 3156; baseline -0.001 -24"><span class='ocrx_word' id='word_1_142' title='bbox 500 3058 598 3132; x_wconf 88' lang='lat' dir='ltr'>A.</span> <span class='ocrx_word' id='word_1_143' title='bbox 653 3059 769 3131; x_wconf 92' lang='lat' dir='ltr'>Ita</span> <span class='ocrx_word' id='word_1_144' title='bbox 810 3057 1105 3154; x_wconf 92' lang='lat' dir='ltr'>quidem</span> <span class='ocrx_word' id='word_1_145' title='bbox 1147 3056 1442 3130; x_wconf 88' lang='lat' dir='ltr'>videtur</span> <span class='ocrx_word' id='word_1_146' title='bbox 1491 3057 1989 3132; x_wconf 91' lang='lat' dir='ltr'>consideranti</span> <span class='ocrx_word' id='word_1_147' title='bbox 2045 3083 2262 3156; x_wconf 91' lang='lat' dir='ltr'>quam</span> <span class='ocrx_word' id='word_1_148' title='bbox 2318 3082 2481 3132; x_wconf 91' lang='lat' dir='ltr'>cor-</span> 
     </span>
     <span class='ocr_line' id='line_1_24' title="bbox 399 3169 2484 3270; baseline -0.001 -24"><span class='ocrx_word' id='word_1_149' title='bbox 399 3196 585 3270; x_wconf 90' lang='lat' dir='ltr'>pora</span> <span class='ocrx_word' id='word_1_150' title='bbox 635 3171 996 3268; x_wconf 81' lang='lat' dir='ltr'>quaedam,</span> <span class='ocrx_word' id='word_1_151' title='bbox 1052 3170 1458 3267; x_wconf 80' lang='lat' dir='ltr'>praesertim</span> <span class='ocrx_word' id='word_1_152' title='bbox 1492 3194 1667 3243; x_wconf 87' lang='lat' dir='ltr'>vero</span> <span class='ocrx_word' id='word_1_153' title='bbox 1720 3169 2134 3260; x_wconf 90' lang='lat' dir='ltr'>durissima,</span> <span class='ocrx_word' id='word_1_154' title='bbox 2192 3171 2484 3268; x_wconf 83' lang='lat' dir='ltr'>fragilia</span> 
     </span>
     <span class='ocr_line' id='line_1_25' title="bbox 401 3283 2482 3379; baseline -0.001 -19"><span class='ocrx_word' id='word_1_155' title='bbox 401 3288 570 3361; x_wconf 92' lang='lat' dir='ltr'>sint.</span> <span class='ocrx_word' id='word_1_156' title='bbox 677 3286 1044 3360; x_wconf 85' lang='lat' dir='ltr'>Caeterum</span> <span class='ocrx_word' id='word_1_157' title='bbox 1080 3283 1172 3357; x_wconf 90' lang='lat' dir='ltr'>de</span> <span class='ocrx_word' id='word_1_158' title='bbox 1207 3283 1478 3356; x_wconf 91' lang='lat' dir='ltr'>duritie</span> <span class='ocrx_word' id='word_1_159' title='bbox 1506 3283 1981 3379; x_wconf 86' lang='lat' dir='ltr'>interrogabo</span> <span class='ocrx_word' id='word_1_160' title='bbox 2015 3296 2090 3358; x_wconf 92' lang='lat' dir='ltr'>te</span> <span class='ocrx_word' id='word_1_161' title='bbox 2117 3284 2261 3358; x_wconf 93' lang='lat' dir='ltr'>alio</span> <span class='ocrx_word' id='word_1_162' title='bbox 2296 3296 2482 3358; x_wconf 89' lang='lat' dir='ltr'>tem-</span> 
     </span>
     <span class='ocr_line' id='line_1_26' title="bbox 403 3397 2481 3496; baseline -0 -23"><span class='ocrx_word' id='word_1_163' title='bbox 403 3424 602 3496; x_wconf 90' lang='lat' dir='ltr'>pore.</span> <span class='ocrx_word' id='word_1_164' title='bbox 706 3398 826 3471; x_wconf 85' lang='lat' dir='ltr'>Ad</span> <span class='ocrx_word' id='word_1_165' title='bbox 857 3422 1170 3471; x_wconf 87' lang='lat' dir='ltr'>vacuum</span> <span class='ocrx_word' id='word_1_166' title='bbox 1221 3420 1417 3469; x_wconf 91' lang='lat' dir='ltr'>nunc</span> <span class='ocrx_word' id='word_1_167' title='bbox 1477 3408 1834 3470; x_wconf 87' lang='lat' dir='ltr'>revertor.</span> <span class='ocrx_word' id='word_1_168' title='bbox 1937 3397 2141 3471; x_wconf 78' lang='lat' dir='ltr'>Quas</span> <span class='ocrx_word' id='word_1_169' title='bbox 2202 3423 2481 3489; x_wconf 78' lang='lat' dir='ltr'>causaS,</span> 
     </span>
     <span class='ocr_line' id='line_1_27' title="bbox 397 3508 2482 3608; baseline 0 -24"><span class='ocrx_word' id='word_1_170' title='bbox 397 3512 552 3586; x_wconf 88' lang='lat' dir='ltr'>sine</span> <span class='ocrx_word' id='word_1_171' title='bbox 579 3512 1081 3608; x_wconf 92' lang='lat' dir='ltr'>suppositione</span> <span class='ocrx_word' id='word_1_172' title='bbox 1105 3510 1342 3598; x_wconf 87' lang='lat' dir='ltr'>vacui,</span> <span class='ocrx_word' id='word_1_173' title='bbox 1371 3508 1795 3583; x_wconf 89' lang='lat' dir='ltr'>redditurus</span> <span class='ocrx_word' id='word_1_174' title='bbox 1830 3533 1909 3583; x_wconf 91' lang='lat' dir='ltr'>es</span> <span class='ocrx_word' id='word_1_175' title='bbox 1943 3509 2237 3584; x_wconf 89' lang='lat' dir='ltr'>illorum</span> <span class='ocrx_word' id='word_1_176' title='bbox 2266 3513 2482 3585; x_wconf 90' lang='lat' dir='ltr'>effec-</span> 
     </span>
     <span class='ocr_line' id='line_1_28' title="bbox 398 3623 2484 3722; baseline 0.001 -26"><span class='ocrx_word' id='word_1_177' title='bbox 398 3635 609 3697; x_wconf 87' lang='lat' dir='ltr'>tuum</span> <span class='ocrx_word' id='word_1_178' title='bbox 643 3625 767 3720; x_wconf 91' lang='lat' dir='ltr'>qui</span> <span class='ocrx_word' id='word_1_179' title='bbox 803 3623 1299 3697; x_wconf 88' lang='lat' dir='ltr'>ostenduntur</span> <span class='ocrx_word' id='word_1_180' title='bbox 1323 3646 1456 3719; x_wconf 90' lang='lat' dir='ltr'>per</span> <span class='ocrx_word' id='word_1_181' title='bbox 1488 3624 1907 3697; x_wconf 91' lang='lat' dir='ltr'>machinam</span> <span class='ocrx_word' id='word_1_182' title='bbox 1939 3625 2139 3698; x_wconf 91' lang='lat' dir='ltr'>illam</span> <span class='ocrx_word' id='word_1_183' title='bbox 2175 3649 2338 3722; x_wconf 86' lang='lat' dir='ltr'>quae</span> <span class='ocrx_word' id='word_1_184' title='bbox 2373 3637 2484 3698; x_wconf 92' lang='lat' dir='ltr'>est</span> 
     </span>
     <span class='ocr_line' id='line_1_29' title="bbox 398 3735 1440 3832; baseline 0.002 -25"><span class='ocrx_word' id='word_1_185' title='bbox 398 3736 473 3808; x_wconf 91' lang='lat' dir='ltr'>in</span> <span class='ocrx_word' id='word_1_186' title='bbox 512 3737 838 3832; x_wconf 86' lang='lat' dir='ltr'>Collegio</span> <span class='ocrx_word' id='word_1_187' title='bbox 873 3737 1383 3810; x_wconf 90' lang='lat' dir='ltr'>Greshamensi</span> <span class='ocrx_word' id='word_1_188' title='bbox 1415 3735 1440 3809; x_wconf 62' lang='lat' dir='ltr'>P</span> 
     </span>
    </p>

    <p class='ocr_par' dir='ltr' id='par_1_5' title="bbox 396 3848 2483 4147">
     <span class='ocr_line' id='line_1_30' title="bbox 500 3848 2483 3948; baseline 0 -27"><span class='ocrx_word' id='word_1_189' title='bbox 500 3848 600 3921; x_wconf 89' lang='lat' dir='ltr'>B.</span> <span class='ocrx_word' id='word_1_190' title='bbox 654 3849 1003 3922; x_wconf 89' lang='lat' dir='ltr'>Machina</span> <span class='ocrx_word' id='word_1_191' title='bbox 1034 3850 1161 3923; x_wconf 92' lang='lat' dir='ltr'>illa</span> <span class='ocrx_word' id='word_1_192' title='bbox 1208 3849 1506 3923; x_wconf 91' lang='lat' dir='ltr'>eosdem</span> <span class='ocrx_word' id='word_1_193' title='bbox 1555 3851 1860 3924; x_wconf 90' lang='lat' dir='ltr'>effectus</span> <span class='ocrx_word' id='word_1_194' title='bbox 1895 3851 2261 3948; x_wconf 89' lang='lat' dir='ltr'>producit,</span> <span class='ocrx_word' id='word_1_195' title='bbox 2299 3874 2483 3946; x_wconf 91' lang='lat' dir='ltr'>quos</span> 
     </span>
     <span class='ocr_line' id='line_1_31' title="bbox 396 3959 2482 4060; baseline 0.002 -28"><span class='ocrx_word' id='word_1_196' title='bbox 396 3959 842 4056; x_wconf 90' lang='lat' dir='ltr'>produceret</span> <span class='ocrx_word' id='word_1_197' title='bbox 899 3961 975 4034; x_wconf 92' lang='lat' dir='ltr'>in</span> <span class='ocrx_word' id='word_1_198' title='bbox 1035 3962 1199 4035; x_wconf 91' lang='lat' dir='ltr'>loco</span> <span class='ocrx_word' id='word_1_199' title='bbox 1259 3986 1410 4036; x_wconf 90' lang='lat' dir='ltr'>non</span> <span class='ocrx_word' id='word_1_200' title='bbox 1464 3985 1733 4059; x_wconf 84' lang='lat' dir='ltr'>magno</span> <span class='ocrx_word' id='word_1_201' title='bbox 1792 3987 2102 4060; x_wconf 83' lang='lat' dir='ltr'>magnus</span> <span class='ocrx_word' id='word_1_202' title='bbox 2158 3963 2482 4036; x_wconf 91' lang='lat' dir='ltr'>inclusus</span> 
     </span>
     <span class='ocr_line' id='line_1_32' title="bbox 397 4085 683 4147; baseline 0.003 -2"><span class='ocrx_word' id='word_1_203' title='bbox 397 4085 683 4147; x_wconf 88' lang='lat' dir='ltr'>ventus.</span> 
     </span>
    </p>

    <p class='ocr_par' dir='ltr' id='par_1_6' title="bbox 404 4184 2485 4511">
     <span class='ocr_line' id='line_1_33' title="bbox 500 4184 2484 4284; baseline 0.003 -28"><span class='ocrx_word' id='word_1_204' title='bbox 500 4184 595 4259; x_wconf 88' lang='lat' dir='ltr'>A.</span> <span class='ocrx_word' id='word_1_205' title='bbox 655 4186 1044 4261; x_wconf 78' lang='lat' dir='ltr'>Quomodo</span> <span class='ocrx_word' id='word_1_206' title='bbox 1089 4188 1503 4284; x_wconf 85' lang='lat' dir='ltr'>ingreditur</span> <span class='ocrx_word' id='word_1_207' title='bbox 1542 4189 1732 4262; x_wconf 89' lang='lat' dir='ltr'>istuc</span> <span class='ocrx_word' id='word_1_208' title='bbox 1784 4187 2097 4262; x_wconf 80' lang='lat' dir='ltr'>ventus?</span> <span class='ocrx_word' id='word_1_209' title='bbox 2200 4188 2484 4261; x_wconf 91' lang='lat' dir='ltr'>Machi-</span> 
     </span>
     <span class='ocr_line' id='line_1_34' title="bbox 404 4299 2484 4398; baseline 0 -26"><span class='ocrx_word' id='word_1_210' title='bbox 404 4324 577 4373; x_wconf 91' lang='lat' dir='ltr'>nam</span> <span class='ocrx_word' id='word_1_211' title='bbox 613 4299 812 4373; x_wconf 92' lang='lat' dir='ltr'>nosti</span> <span class='ocrx_word' id='word_1_212' title='bbox 847 4300 1260 4398; x_wconf 86' lang='lat' dir='ltr'>cylindrum</span> <span class='ocrx_word' id='word_1_213' title='bbox 1284 4326 1440 4376; x_wconf 90' lang='lat' dir='ltr'>esse</span> <span class='ocrx_word' id='word_1_214' title='bbox 1475 4325 1758 4389; x_wconf 85' lang='lat' dir='ltr'>cavum,</span> <span class='ocrx_word' id='word_1_215' title='bbox 1786 4324 2068 4375; x_wconf 85' lang='lat' dir='ltr'>aeneum</span> <span class='ocrx_word' id='word_1_216' title='bbox 2099 4327 2116 4370; x_wconf 72' lang='grc' dir='ltr'>ε</span> <span class='ocrx_word' id='word_1_217' title='bbox 2155 4299 2231 4371; x_wconf 91' lang='lat' dir='ltr'>in</span> <span class='ocrx_word' id='word_1_218' title='bbox 2267 4325 2484 4397; x_wconf 91' lang='lat' dir='ltr'>quem</span> 
     </span>
     <span class='ocr_line' id='line_1_35' title="bbox 410 4412 2485 4511; baseline 0.001 -24"><span class='ocrx_word' id='word_1_219' title='bbox 410 4412 881 4511; x_wconf 87' lang='lat' dir='ltr'>protruditur</span> <span class='ocrx_word' id='word_1_220' title='bbox 926 4413 1300 4510; x_wconf 82' lang='lat' dir='ltr'>cylindrus</span> <span class='ocrx_word' id='word_1_221' title='bbox 1346 4415 1531 4489; x_wconf 88' lang='lat' dir='ltr'>alius</span> <span class='ocrx_word' id='word_1_222' title='bbox 1588 4414 1862 4489; x_wconf 93' lang='lat' dir='ltr'>solidus</span> <span class='ocrx_word' id='word_1_223' title='bbox 1914 4415 2225 4510; x_wconf 63' lang='lat' dir='ltr'>lignem,</span> <span class='ocrx_word' id='word_1_224' title='bbox 2285 4415 2485 4489; x_wconf 91' lang='lat' dir='ltr'>corio</span> 
     </span>
    </p>
   </div>
   <div class='ocr_carea' id='block_1_3' title="bbox 2560 696 2846 799">
    <p class='ocr_par' dir='ltr' id='par_1_7' title="bbox 2560 696 2846 799">
     <span class='ocr_line' id='line_1_36' title="bbox 2586 696 2842 738; baseline -0.008 0"><span class='ocrx_word' id='word_1_225' title='bbox 2586 698 2722 738; x_wconf 78' lang='lat' dir='ltr'>CAP.</span> <span class='ocrx_word' id='word_1_226' title='bbox 2752 696 2842 737; x_wconf 92' lang='lat'>111.</span> 
     </span>
     <span class='ocr_line' id='line_1_37' title="bbox 2560 764 2846 799; baseline -0.007 -9"><span class='ocrx_word' id='word_1_227' title='bbox 2560 764 2846 799; x_wconf 54' lang='grc' dir='ltr'>κ--Ὓ-κ</span> 
     </span>
    </p>
   </div>
   <div class='ocr_carea' id='block_1_4' title="bbox 2586 824 2829 868">
    <p class='ocr_par' dir='ltr' id='par_1_8' title="bbox 2586 824 2829 868">
     <span class='ocr_line' id='line_1_38' title="bbox 2586 824 2829 868; baseline -0.008 0"><span class='ocrx_word' id='word_1_228' title='bbox 2586 824 2655 868; x_wconf 82' lang='lat' dir='ltr'>De</span> <span class='ocrx_word' id='word_1_229' title='bbox 2673 835 2829 867; x_wconf 73' lang='lat' dir='ltr'>vacuo.</span> 
     </span>
    </p>
   </div>
  </div>
 </body>
</html>
