3094 5125
992 514 1551 569 PnonLnMA'rA
1589 512 1975 571 PHYSICA'.
2378 506 2521 572 339

441 692 574 754 tua
623 679 714 753 de
769 693 976 755 motu
1027 683 1153 756 illo
1202 685 1705 779 reciprocante
1753 686 2072 780 partium
2128 687 2523 759 minutissi-

441 816 725 867 marum
760 793 839 867 in
874 794 1098 884 duris,
1135 796 1350 892 plane
1387 795 1676 870 videtur
1709 797 1888 871 mihi
1926 796 2451 873 demonstrata.

537 907 674 981 Est
707 918 784 981 et
817 908 894 982 in
930 910 1245 1005 speculis
1279 911 1532 985 vitreis
1591 911 1822 1009 (quod
1873 914 2140 1010 saepius
2192 912 2522 985 animad-

436 1021 658 1114 verti)
710 1044 800 1094 ex
860 1045 1005 1117 quo
1068 1025 1476 1121 suppositio
1528 1025 1789 1100 eadem
1837 1050 1989 1100 non
2030 1051 2292 1123 pamm
2347 1051 2521 1102 con-

435 1134 816 1208 firmatur:
869 1136 1239 1227 nimirum,
1292 1140 1527 1213 inesse
1580 1140 1657 1213 in
1718 1142 1912 1216 vitro
1973 1151 2255 1218 motum
2314 1143 2520 1218 illum

435 1270 653 1345 quem
690 1247 872 1323 dicis
907 1262 1254 1326 conatum
1288 1254 1609 1350 partium
1647 1255 2124 1332 internarum.

529 2391 709 2465 Esto
765 2392 959 2465 enim
1014 2392 1389 2488 speculum
1441 2392 1757 2465 vitreum
1820 2390 1961 2466 AB
1992 2421 2009 2463 ε
2084 2391 2321 2487 sitque
2384 2391 2511 2463 ob-

424 2506 707 2600 jectum
740 2506 819 2579 in
847 2504 930 2597 C,
960 2505 1312 2581 candela:
1367 2507 1620 2581 oculus
1655 2505 1751 2581 ad
1771 2507 1860 2580 D.
1966 2505 2134 2581 Jam
2168 2529 2214 2579 a
2249 2503 2514 2578 refrac-

431 2619 751 2692 tionibus
819 2630 895 2693 et
960 2620 1503 2694 reflectionibus
1572 2620 1902 2717 pluribus
1972 2618 2067 2692 ad
2123 2630 2512 2713 utramque

430 2733 912 2828 superficiem,
956 2733 1049 2822 (si
1083 2734 1321 2829 prima
1353 2733 1759 2808 incidentia
1804 2733 1983 2807 satis
2020 2734 2117 2806 sit
2152 2731 2507 2827 obliqua),

429 2844 697 2918 multas
731 2846 945 2919 simul
977 2845 1259 2919 videbis
1295 2846 1622 2920 candelae
1655 2847 2034 2942 imagineS,
2069 2856 2156 2919 ut
2188 2846 2274 2936 E,
2311 2845 2391 2934 F,
2423 2844 2509 2932 G,

430 2959 688 3033 ordine
721 2969 806 3032 ut
830 2958 950 3031 hic
982 2957 1519 3032 describuntur.
1594 2959 1962 3034 Caeterum
1996 2959 2057 3031 si
2084 2958 2379 3032 oculum
2413 2956 2512 3031 ad

431 3073 513 3163 C,
553 3071 932 3146 candelam
967 3071 1062 3145 ad
1097 3073 1164 3145 D
1202 3072 1625 3162 transferaS,
1662 3073 2120 3169 apparebunt
2153 3070 2509 3167 imagines

425 3187 571 3261 illae
639 3186 896 3261 ordine
963 3210 1112 3260 non
1179 3185 1441 3260 eodem
1506 3210 1651 3285 quo
1712 3198 1887 3259 ante
1921 3196 2154 3258 erant.
2286 3185 2510 3260 Quod

425 3309 673 3374 tamen
742 3299 1198 3373 manifestius
1264 3310 1775 3397 cognoscetur,
1845 3299 1906 3373 si
1974 3298 2353 3394 speculum
2411 3299 2508 3372 sit

425 3414 853 3504 coloratum,
889 3425 975 3486 ut
1008 3414 1315 3486 rubrum
1348 3413 1464 3487 vel
1502 3414 1917 3487 caeruleum.
2024 3411 2172 3486 Sed
2207 3435 2502 3485 causam

425 3527 581 3621 ejus
605 3527 880 3600 nullam
906 3527 1295 3623 imaginari
1328 3527 1537 3625 potui
1563 3538 1733 3601 ante
1766 3528 1965 3600 hunc
1991 3525 2209 3599 diem.
2283 3525 2504 3599 Nunc

425 3649 671 3713 autem
704 3640 865 3713 fieri
900 3664 1112 3737 posse
1146 3653 1330 3738 puto
1364 3666 1410 3715 a
1442 3651 1716 3715 conatu
1765 3640 1890 3714 illo
1940 3662 2072 3736 per
2121 3636 2269 3728 fila,
2306 3651 2393 3711 ut
2425 3639 2502 3710 in

421 3749 647 3845 ligno,
751 3752 994 3827 Quem
1029 3766 1377 3827 conatum
1422 3754 1802 3851 acquirere
1835 3753 2083 3849 potuit
2116 3750 2388 3825 vitrum
2424 3751 2499 3822 in

421 3862 708 3938 fusione
742 3878 819 3938 et
851 3865 1428 3962 refrigeratione,
1465 3890 1599 3964 per
1632 3891 1795 3942 eam
1828 3867 2019 3940 viam
2056 3887 2204 3960 qua
2228 3864 2500 3936 vitrum

426 3976 747 4050 candens
779 3978 1247 4052 fundebatur.

522 4089 622 4161 B.
677 4089 1090 4186 Corporum
1143 4092 1493 4167 durorum
1554 4093 1888 4191 plurimae
1957 4090 2235 4188 species
2303 4097 2498 4173 sunt,

423 4202 743 4292 metalla,
779 4202 1060 4300 lapides
1094 4216 1265 4295 etc„
1302 4230 1467 4303 quae
1501 4207 1580 4279 in
1613 4206 2010 4279 visceribus
2059 4216 2277 4275 terrae
2327 4211 2501 4274 sunt

423 4326 500 4387 et
559 4316 861 4390 fuerunt
920 4341 965 4389 a
1019 4319 1388 4392 creatione
1439 4318 1804 4391 universi:
1860 4328 1936 4390 et
1985 4324 2368 4411 praeterea,
2410 4312 2498 4384 li-

2156 4450 2199 4499 z
2235 4451 2265 4494 2

2633 712 2766 752 cAP.
2800 716 2855 753 V·

2605 781 2889 814 b—r-—d

2646 839 2712 882 Dc
2733 840 2845 883 duro

2650 909 2695 948 et
2714 904 2847 951 molli.
