3094 5125
613 479 758 546 222
1051 494 1591 548 ExAM1NAT1o
1631 496 1733 548 m·
1772 496 2266 548 ΕΜΕΝΒΑΤΙΟ

234 680 537 726 numana
610 661 807 757 quod
842 662 1077 735 omnis
1112 664 1414 737 effectus
1465 663 1821 737 naturalis
1855 663 1948 736 ad
2001 687 2293 736 omnem
2346 664 2694 737 effectum

238 765 525 869 ,ᾆξ’-θ
608 776 1021 849 naturalem
1056 778 1418 851 rationem
1452 778 1678 851 habet
1727 780 2208 874 compositam
2245 802 2337 851 ex
2386 778 2693 851 rationi-

608 890 745 961 bus
798 912 1048 962 earum
1100 914 1346 964 rerum
1408 916 1571 987 quae
1622 916 1876 965 causas
1932 916 2187 965 eorum
2239 903 2694 987 componunt

606 1002 957 1100 integras.
1060 1004 1263 1077 Nihil
1301 1006 1609 1078 enimin
1644 1008 1910 1078 effectu
1959 1029 2115 1078 esse
2165 1015 2434 1101 potest,
2491 1005 2692 1100 quod

606 1137 755 1188 non
791 1116 932 1189 fuit
967 1118 1043 1190 in
1079 1118 1325 1214 aliqua
1358 1131 1568 1214 parte
1605 1143 1844 1193 causae
1880 1143 2074 1203 suae;
2129 1142 2267 1192 nec
2317 1123 2395 1191 in
2446 1142 2687 1210 causa,

608 1228 807 1326 quod
840 1254 992 1303 non
1026 1232 1102 1303 in
1140 1234 1481 1305 effectum
1517 1233 1913 1305 derivetur.

710 1342 807 1416 B.
862 1344 1052 1416 Mihi
1105 1369 1296 1418 nova
1353 1346 1648 1441 quidem
1705 1346 1866 1419 haec
1917 1345 2279 1440 contingit
2328 1344 2689 1433 doctrina,

606 1468 932 1530 attamen
970 1457 1347 1531 verissima
1378 1470 1537 1541 est;
1593 1471 1670 1531 et
1713 1458 2116 1554 procedens
2161 1482 2206 1529 a
2239 1458 2691 1553 contempla-

605 1572 810 1643 tione
846 1594 1011 1668 quae
1057 1572 1134 1644 in
1182 1572 1271 1645 iis
1315 1573 1442 1669 qui
1483 1572 1741 1668 jurant
1775 1572 1851 1644 in
1886 1572 2109 1643 verba
2144 1571 2686 1665 magistrorum,

604 1705 772 1757 raro
806 1684 1200 1757 invenitur.
1302 1684 1698 1758 Videamus
1724 1687 1881 1780 jam
1914 1683 2389 1756 consectaria.

711 1795 1045 1870 Comect.
1082 1797 1130 1870 i.
1185 1797 1453 1887 Conus,
1479 1799 1606 1893 qui
1639 1799 1726 1870 fit
1758 1822 1804 1871 a
1838 1797 2311 1870 conversione
2340 1795 2690 1891 trianguli

605 1908 823 1982 FDB
861 1910 1057 1983 circa
1091 1909 1236 1983 DB
1266 1912 1704 1984 diametrum
1740 1909 1994 1983 circuli
2026 1910 2410 2005 genitoriS,
2448 1924 2558 1982 est
2594 1910 2689 1981 ad

604 2047 874 2097 conum
900 2024 1025 2120 qui
1060 2025 1146 2097 fit
1180 2049 1223 2097 a
1253 2025 1732 2097 conversione
1761 2022 2089 2119 ejusdem
2123 2023 2472 2119 trianguli
2494 2024 2689 2095 circa

604 2135 771 2225 DF,
806 2149 894 2210 ut
928 2135 1069 2209 DF
1105 2137 1200 2210 ad
1243 2136 1412 2209 DB.
1519 2139 1710 2211 Sunt
1770 2137 1965 2209 enim
2024 2147 2109 2209 ut
2160 2136 2299 2232 ipsi
2349 2136 2684 2231 cylindri.

605 2249 907 2323 Habent
939 2262 1189 2323 autem
1222 2250 1555 2338 verticeS,
1591 2250 1713 2323 ille
1748 2251 1825 2323 in
1862 2249 1947 2339 B,
1984 2250 2106 2322 hic
2141 2249 2217 2322 in
2255 2247 2337 2322 F.

707 2359 1040 2435 Consect.
1076 2363 1151 2436 ii.
1226 2362 1557 2436 Solidum
1583 2363 1862 2436 factum
1899 2387 1944 2435 a
1978 2362 2455 2435 conversione
2489 2362 2688 2457 plani

600 2474 1021 2571 cycloidalis
1045 2473 1190 2547 DB
1191 2476 1273 2573 s
1283 2473 1342 2546 F
1366 2476 1563 2549 circa
1599 2474 1765 2566 DB,
1790 2485 1905 2548 est
1937 2475 2030 2547 ad
2067 2475 2377 2548 solidum
2410 2475 2687 2548 factum

602 2611 647 2659 a
680 2589 1156 2661 conversione
1191 2588 1519 2684 ejusdem
1574 2589 1775 2685 plani
1836 2589 2257 2684 cycloidalis
2291 2589 2486 2663 circa
2520 2588 2684 2680 DF,

601 2712 687 2772 ut
722 2698 864 2772 DF
900 2700 996 2773 ad
1033 2701 1200 2773 DB.
1310 2701 1498 2774 Sunt
1534 2701 1731 2775 enim
1765 2713 1846 2773 ut
1882 2701 2019 2798 ipsi
2054 2701 2246 2773 coni.

707 2811 1042 2885 Con-sect.
1067 2813 1167 2886 iii.
1219 2814 1578 2886 Excessus
1600 2813 1911 2910 cylindri
1937 2814 2117 2887 facti
2142 2839 2188 2886 a
2213 2815 2685 2888 conversione

600 2926 1008 3021 rectanguli
1046 2926 1199 2999 DG
1236 2926 1435 3001 circa
1483 2926 1653 3015 DB,
1692 2951 1910 3022 super
1971 2926 2283 3000 solidum
2328 2926 2608 3000 factum
2641 2953 2687 3001 a

600 3038 1077 3112 conversione
1111 3038 1311 3135 plani
1347 3039 1772 3135 cycloidalis
1809 3038 1953 3112 DB
1953 3040 2035 3135 f
2046 3038 2105 3110 F
2141 3039 2339 3112 circa
2377 3040 2686 3113 eandem

601 3151 771 3241 DB,
811 3162 923 3225 est
973 3152 1068 3226 ad
1119 3177 1498 3233 excessum
1551 3153 1863 3249 cylindri
1921 3152 2101 3226 facti
2135 3177 2181 3225 a
2214 3155 2685 3227 conversione

598 3266 1010 3361 rectanguli
1046 3264 1194 3342 DG
1229 3268 1426 3340 circa
1462 3266 1629 3355 DF,
1690 3290 1907 3363 super
1968 3265 2282 3338 solidum
2331 3266 2604 3340 factum
2642 3293 2687 3341 a

602 3378 1078 3451 conversione
1111 3377 1314 3475 plani
1349 3377 1773 3476 cycloidalis
1809 3377 1952 3451 DB
1948 3379 2030 3474 f
2040 3377 2098 3449 F
2147 3379 2344 3451 circa
2376 3379 2687 3453 eandem

602 3489 765 3581 DF,
795 3502 878 3563 ut
901 3490 1043 3564 DF
1072 3491 1167 3564 ad
1202 3491 1369 3566 DB.
1456 3493 1647 3565 Sunt
1673 3493 1868 3565 enim
1904 3492 1980 3565 hi
2016 3516 2302 3589 quoque
2335 3505 2424 3566 ut
2457 3494 2686 3589 cylin-

603 3605 718 3678 dri
751 3605 912 3703 ipsi.

1248 3803 1751 3856 PROPOSITIO
1812 3804 2033 3856 xxn.

700 3930 1053 4003 Centrum
1107 3931 1493 4024 gravitatis
1551 3931 2014 4019 semicirculi,
2070 3933 2279 4026 cujus
2331 3932 2686 4007 diameter

597 4055 713 4116 est
746 4043 907 4132 DF,
944 4042 1021 4115 id
1068 4054 1200 4130 est,
1260 4053 1466 4116 recta
1519 4045 1824 4141 aequalis
1885 4045 2090 4118 arcui
2152 4045 2396 4136 BCD,
2459 4048 2683 4120 estin

595 4168 800 4230 recta
834 4181 1022 4252 quae,
1058 4155 1283 4229 ducta
1307 4180 1353 4229 a
1379 4167 1661 4247 centro,
1689 4157 1953 4230 dividit
1986 4159 2227 4254 ipsum
2262 4161 2683 4233 semicircu-

595 4269 748 4342 lum
795 4270 1156 4359 bifariam,
1201 4280 1276 4343 et
1312 4269 1535 4343 distat
1584 4296 1629 4344 a
1665 4283 1919 4345 centro
1956 4272 2023 4344 D
2059 4282 2351 4344 tantum
2408 4285 2684 4368 quanta

595 4390 706 4454 est
730 4392 935 4456 recta
969 4382 1270 4480 aequalis
1294 4383 1578 4459 duabus
1612 4385 1852 4459 tertiis
1880 4384 2249 4458 semiradii
2284 4384 2451 4459 AB.
