3094 5125
330 684 634 732 Dumana

711 482 806 550 24
1144 497 1685 550 ExAMINA'rlo
1727 499 1830 550 ET
1866 497 2363 550 EMENDATIO

710 664 937 737 etiam
993 663 1400 761 subjectum
1457 666 1577 738 cui
1638 666 1827 738 inest
1872 664 2812 738 connotatur.—Haeccine

709 779 845 853 tibi
880 778 1220 852 videntur
1256 780 1454 854 dicta
1500 803 1658 853 esse
1694 778 2085 853 accurate?

806 892 906 963 B.
964 892 1102 965 Ita.

810 1008 909 1078 A.
963 1006 1231 1079 Annon
1301 1006 1427 1101 qui
1497 1006 1986 1102 quantitatem
2060 1005 2504 1096 considerat,
2559 1005 2812 1077 consi-

708 1119 922 1193 derat
961 1143 1123 1192 eam
1183 1132 1404 1216 prout
1464 1120 1917 1193 abstrahitur
1956 1144 2003 1192 a
2036 1118 2396 1193 materia?
2501 1120 2621 1191 An
2653 1143 2811 1190 vox

707 1233 1094 1330 quantitas
1141 1232 1512 1307 abstracta
1566 1257 1714 1306 non
1750 1244 1861 1306 est
1894 1257 1939 1306 a
1973 1243 2322 1305 concreta
2354 1255 2539 1305 voce
2572 1254 2811 1328 quan-

711 1355 858 1418 tum
880 1350 925 1418 2
1029 1346 1389 1420 Quaenam
1440 1358 1689 1419 autem
1741 1357 1852 1420 est
1904 1369 1991 1420 ea
2041 1345 2372 1435 scientia,
2423 1368 2590 1440 quae
2648 1368 2808 1418 non

709 1457 932 1530 modo
960 1458 1446 1552 quantitatem
1482 1457 1923 1547 considerat,
1962 1457 2092 1531 sed
2127 1458 2350 1530 etiam
2385 1459 2801 1554 subjectum

712 1569 919 1666 ejus?
1024 1571 1256 1645 Quasi
1306 1571 1719 1666 subjectum
1769 1593 1921 1643 non
1967 1570 2558 1643 consideraretur
2593 1584 2804 1657 tunc,

713 1683 1006 1780 quando
1089 1684 1653 1757 considerantur
1730 1685 1887 1780 ejus
1968 1683 2401 1756 accidentia.
2550 1683 2804 1778 CujuS‚

713 1820 984 1893 quaeso,
1048 1797 1373 1870 scientiae
1422 1797 1836 1894 subjectum
1897 1808 2033 1885 est,
2085 1797 2241 1869 sine
2296 1796 2807 1871 accidentibus

714 1909 1258 1984 consideratum
1293 1910 1614 2007 corpus?

814 2024 911 2098 B.
967 2023 1283 2097 Nullius.
1389 2022 1651 2117 Neque
1713 2022 1895 2095 dicit
1956 2021 2079 2095 ille
2148 2022 2559 2117 subjectum
2635 2045 2804 2096 cum

715 2137 1124 2235 quantitate
1161 2161 1292 2210 sua
1325 2136 1813 2224 considerari,
1850 2135 1980 2209 sed
2016 2134 2423 2209 connotari.

814 2252 912 2324 A.
970 2252 1049 2324 Si
1096 2248 1478 2322 connotari
1533 2271 1686 2319 non
1742 2248 1838 2320 sit
1883 2247 2353 2336 considerari,
2393 2246 2517 2344 qui
2558 2247 2649 2319 fit
2693 2256 2802 2335 ut,

714 2366 869 2437 sola
947 2362 1356 2459 quantitate
1436 2359 1924 2451 considerata,
2007 2361 2315 2434 scientia
2392 2360 2807 2455 appelletur

712 2475 995 2548 mixta?
1100 2473 1334 2546 Video
1370 2496 1538 2547 eum
1577 2474 1761 2546 nihil
1796 2474 1918 2547 hic
1947 2475 2218 2548 videre.
2326 2474 2601 2547 Scribit
2637 2498 2806 2572 quae

715 2588 975 2663 didicit
1026 2611 1233 2685 puer.
1339 2587 1667 2662 Scientia
1716 2590 1935 2679 enim,
1973 2589 2588 2686 quemadmodum
2635 2590 2808 2662 sub-

707 2704 984 2798 jectum
1042 2701 1223 2796 ejuS,
1291 2725 1556 2798 nempe
1603 2702 1965 2792 munduS,
2027 2725 2178 2775 non
2249 2702 2601 2775 dividitur
2668 2725 2807 2800 per

700 2838 981 2913 puram
1037 2826 1111 2888 et
1162 2812 1464 2887 mixtam
1530 2815 1609 2888 in
1678 2816 1981 2912 specieS,
2034 2815 2164 2889 sed
2215 2816 2292 2889 in
2345 2828 2635 2912 partes;
2710 2839 2804 2890 eo

714 2927 938 3002 modo
991 2928 1117 3025 qui
1164 2928 1448 3001 dicetur
1502 2929 1717 3019 infra,
1775 2942 2169 3026 postquam
2227 2930 2529 3027 legerim
2584 2930 2809 3026 hujus

717 3041 973 3137 capitis
1008 3040 1409 3138 reliqua.—
1430 3042 1652 3115 Verbi
1694 3045 1988 3141 gratia,
2019 3043 2141 3116 ubi
2193 3044 2268 3116 in
2324 3045 2809 3118 arithmetica

718 3154 1053 3229 traditur
1145 3154 1258 3227 bis
1346 3154 1489 3227 duo
1562 3166 1878 3251 quatuor
1943 3157 2259 3252 ffcere,
2326 3158 2607 3231 numeri
2683 3157 2809 3230 hic

717 3267 1029 3341 seorsim
1110 3267 1705 3358 considerantur,
1786 3279 1860 3342 et
1928 3268 2362 3343 abstractim
2446 3269 2539 3343 ab
2610 3271 2810 3343 omni

718 3381 1037 3454 materia
1103 3380 1792 3476 subjecta—Vide
1874 3406 2122 3478 quaeso
2190 3383 2505 3456 hominis
2571 3384 2811 3480 negli-

717 3493 1069 3588 gentiam,
1131 3493 1380 3566 doceri
1437 3492 1751 3567 dicentis
1802 3494 1880 3567 in
1941 3496 2427 3586 arithmetica,
2491 3495 2602 3569 bis
2661 3496 2806 3569 duo

720 3606 1010 3699 efficere
1066 3616 1403 3706 quatuor.
1511 3606 1590 3678 Si
1626 3607 1979 3681 doceatur
2013 3608 2157 3682 hoc
2203 3609 2279 3682 in
2316 3609 2806 3695 arithmetica,

720 3720 943 3790 etiam
1010 3719 1087 3792 in
1164 3718 1629 3792 arithmetica
1696 3719 2264 3795 demonstratur.
2406 3722 2591 3797 Quis
2660 3721 2805 3795 hoc

719 3854 1045 3927 unquam
1123 3831 1658 3904 demonstravit
1737 3844 1866 3906 aut
1948 3833 2415 3908 demonstare
2497 3847 2805 3909 conatus

720 3957 856 4033 est,
894 3957 1025 4017 aut
1058 3968 1148 4017 ex
1182 3943 1562 4041 principiis
1617 3945 2250 4021 arithmeticorum
2298 3973 2497 4022 nunc
2546 3949 2805 4046 positis

720 4058 1222 4131 demonstrare
1288 4057 1586 4153 potest?
1711 4060 1827 4133 Ne
1895 4063 2290 4136 assumitur
2359 4063 2654 4159 quidem
2718 4074 2807 4136 ut

721 4171 1112 4245 communis
1180 4172 1400 4260 notio,
1470 4195 1708 4269 neque
1776 4185 1862 4247 ut
1919 4175 2219 4272 petitio,
2282 4177 2415 4249 sed
2464 4201 2510 4250 a
2557 4178 2804 4274 pueris

722 4283 940 4360 domo
985 4286 1400 4358 affertur.—
1415 4285 1510 4358 In
1569 4285 1750 4359 aliis
1803 4311 2012 4360 secus
2064 4298 2200 4380 est,
2257 4289 2460 4364 verbi
2511 4291 2802 4389 gratia,

720 4420 875 4470 cum
935 4399 1146 4472 docet
1191 4399 1646 4473 astronomia
1701 4411 2144 4498 aequatorem
2193 4414 2269 4478 et
2314 4403 2689 4478 zodiacum
2723 4429 2806 4477 se
