3094 5125
527 460 674 528 286
1165 475 1274 529 DE
1314 476 1658 530 NATURA
1698 475 1973 527 Anius,

528 667 1026 741 supponamus
1056 668 1229 717 cum
1265 643 1434 733 illis,
1472 644 1772 719 duritiei
1808 667 2102 717 causam
2139 666 2296 716 esse
2334 643 2619 739 magni-

526 757 861 830 tudinem
915 770 1045 830 aut
1093 757 1501 831 crassitiem
1554 757 1924 853 partium:
1980 780 2198 852 quam
2255 756 2620 829 rationem

527 870 837 944 reddere
891 870 1298 966 poterimus
1344 894 1476 944 cur
1520 870 1775 943 durior
1807 869 1924 942 vel
1970 870 2251 942 firmior
2298 869 2396 942 sit
2430 893 2622 964 aqua

530 983 940 1079 congelata,
1005 1008 1227 1080 quam
1295 997 1407 1056 est
1475 983 1734 1056 eadem
1802 1007 1993 1079 aqua
2047 994 2218 1056 ante
2279 981 2621 1078 congela-

527 1096 863 1170 tionem?

629 1209 730 1282 B.
782 1208 1123 1282 Viderint
1157 1209 1285 1282 illi.
1390 1210 1550 1304 Ego
1597 1208 1794 1281 enim
1846 1209 2105 1283 alienae
2139 1208 2621 1305 philosophiae

532 1333 874 1396 narrator
909 1323 1070 1411 tibi,
1107 1346 1257 1396 non
1293 1320 1636 1395 defensor
1669 1347 1855 1395 sum.

628 1434 723 1509 A.
777 1437 1144 1509 Praeterea
1190 1458 1355 1530 quae
1397 1435 1587 1508 ratio
1624 1434 2190 1531 diaphaneitatis
2244 1432 2453 1506 reddi
2489 1457 2622 1528 po-

530 1560 679 1623 test
714 1571 1107 1645 corporum
1142 1571 1421 1636 eorum,
1457 1571 1592 1644 per
1626 1572 1791 1643 quae
1827 1560 2299 1643 transparent
2333 1547 2624 1642 objecta

438 1748 445 1755 ,
532 1663 779 1735 omnia
799 1661 1114 1734 visibilia
1146 1684 1293 1734 non
1331 1660 1571 1734 minus
1598 1661 1945 1734 distincta
1972 1685 2191 1757 quam
2211 1684 2343 1756 per
2378 1684 2622 1733 aerem

436 1758 461 1803 ³
530 1774 1052 1872 purissimum?
1155 1773 1350 1846 Nam
1404 1774 1465 1846 si
1516 1774 1792 1847 vitrum
1846 1787 1977 1847 aut
2032 1774 2396 1847 cristallus
2449 1797 2625 1847 con-

532 1888 821 1962 sisteret
853 1911 943 1960 ex
981 1887 1182 1961 duris
1218 1887 1670 1984 corpusculis
1705 1886 2044 1976 hamatiS,
2069 1887 2458 1983 perplexis,
2495 1898 2625 1960 aut

533 2000 1192 2099 quomodocunque
1246 2000 1444 2096 poris
1494 2000 1906 2097 disjunctis,
1943 2000 2388 2097 impossibile
2434 2011 2625 2074 esset

532 2128 617 2189 ut
651 2114 839 2188 radii
873 2114 1058 2187 lucis
1094 2115 1495 2187 transirent
1535 2140 1668 2211 per
1705 2114 2149 2212 diaphanum
2185 2114 2624 2211 sphaericum

535 2228 691 2301 sine
725 2227 944 2301 variis
979 2227 1522 2317 reflexionibuS‚
1559 2228 1824 2324 quibus
1881 2228 2062 2302 ordo
2112 2227 2435 2323 partium
2467 2239 2625 2299 tur-

532 2342 857 2431 baretur,
894 2351 970 2413 et
1022 2341 1330 2414 confusa
1374 2341 1587 2414 fieret
1632 2342 1866 2415 visio:
1920 2342 2120 2440 quod
2172 2341 2627 2438 experientia

535 2453 965 2552 quotidiana
998 2454 1323 2526 ostendit
1358 2477 1515 2527 esse
1549 2454 1836 2528 falsum.

635 2569 734 2641 B.
789 2567 1479 2663 Experimentorum
1507 2592 1670 2665 quae
1702 2568 2008 2642 fecimus
2043 2582 2173 2643 aut
2205 2567 2617 2665 recepimus

536 2681 928 2755 observatu
988 2678 1235 2776 digna,
1280 2704 1367 2756 ea
1414 2695 1590 2755 sunt
1641 2683 2027 2780 (quantum
2079 2682 2410 2778 memini)
2461 2705 2624 2778 quae

529 2797 682 2891 jam
719 2791 963 2867 retuli.

635 2907 727 2978 A.
783 2907 897 2980 De
934 2906 1259 3002 quaesitis
1293 2917 1541 2981 autem
1579 2906 1777 2983 circa
1806 2923 2151 2983 naturam
2178 2931 2423 2982 rerum
2457 2906 2628 2980 alia-

536 3044 726 3110 rum,
781 3019 957 3118 quid
1010 3021 1402 3093 statuunt?
1506 3022 1605 3096 Et
1652 3023 1918 3118 primo,
1969 3045 2272 3118 magnes
2318 3045 2463 3118 quo
2514 3020 2628 3091 in-

538 3144 972 3221 strument0,
1019 3157 1164 3230 quo
1220 3144 1450 3223 motu,
1499 3136 1807 3209 attrahit
1843 3135 1958 3208 vel
2009 3135 2242 3231 abigit
2294 3132 2626 3207 ferrum?

542 3245 744 3321 Quid
795 3246 1003 3319 illum
1062 3245 1158 3318 ad
1180 3255 1185 3260 ’
1209 3246 1694 3321 meridianum
1729 3248 2078 3350 applicat,
2111 3249 2188 3320 in
2223 3247 2628 3321 meridiano

537 3359 899 3433 inclinat?
1007 3359 1191 3434 Quis
1243 3371 1510 3451 motor,
1555 3384 1700 3458 quo
1746 3373 1978 3453 motu,
2033 3385 2299 3458 aquam
2351 3384 2392 3433 e
2443 3361 2630 3434 mari

540 3483 616 3546 et
648 3472 1074 3546 fluminibus
1109 3473 1183 3546 in
1221 3474 1451 3548 nubes
1486 3474 1859 3569 transfert,
1897 3487 2027 3549 aut
2061 3499 2102 3548 e
2136 3474 2504 3549 radicibus
2552 3474 2630 3545 in

540 3586 885 3659 arborum
921 3586 1432 3660 summitates?
1539 3587 1687 3660 Ubi
1739 3599 1910 3661 sunt
1963 3588 2347 3685 pulmones
2374 3597 2631 3660 vento-

539 3697 755 3772 rum?
862 3698 1046 3773 Quis
1098 3711 1368 3791 motor,
1405 3724 1550 3797 quo
1606 3712 1837 3793 motu,
1881 3704 2137 3776 oceani
2184 3712 2405 3776 aestus
2451 3699 2633 3774 facit

543 3824 620 3886 et
688 3825 999 3886 aestuum
1058 3812 1503 3887 varietates?
1611 3813 1799 3896 Quae
1866 3839 2259 3913 corporum
2317 3815 2632 3889 varietas

542 3926 976 4000 varietatem
1027 3926 1250 4000 efficit
1296 3926 1608 4000 odorum
1657 3942 1734 4003 et
1779 3930 2176 4028 saporum?
2279 3929 2633 4025 Liquores

542 4039 669 4135 qui
702 4039 778 4111 in
816 4038 1028 4113 oculo
1083 4038 1281 4112 idem
1334 4040 1684 4131 efficiunt,
1737 4067 1867 4116 cur
1903 4043 1978 4116 in
2015 4042 2301 4115 caeteris
2337 4042 2632 4137 organis

543 4150 1039 4225 diversissima
1060 4153 1506 4249 operantur?
1562 4154 1840 4228 Lumen
1876 4155 2053 4253 quid
2081 4155 2245 4228 est?
2296 4156 2363 4227 A
2386 4180 2528 4253 quo
2557 4164 2632 4227 et

544 4287 690 4358 quo
726 4278 927 4338 motu
958 4279 1380 4364 generatur,
1416 4265 1807 4362 frangitur,
1844 4280 1917 4341 et
1943 4268 2318 4342 flectitur?
2407 4268 2632 4341 Phar-

543 4399 754 4451 maca
799 4405 942 4476 quo
998 4391 1204 4455 motu
1265 4381 1722 4477 operantur?
1828 4384 1997 4458 Qua
2030 4384 2373 4479 Gorgone
2406 4383 2629 4479 ligna,
