3094 5125
691 467 827 531 150
1109 479 1647 533 nxaumxrlo
1685 483 1789 533 BT
1823 483 2323 535 ssnssxnarlo

308 665 607 709 nutoous
778 643 878 716 B.
933 645 1081 718 Sed
1146 647 1273 742 qui
1330 648 1569 721 obiter
1633 649 2021 747 physicum
2077 653 2457 725 theorema
2523 650 2745 726 docet

308 748 594 851 L
677 759 1202 850 arithmeticus,
1235 785 1334 834 an
1357 761 1759 857 culpandus
1790 766 1953 838 est?

774 872 868 945 A.
921 873 1135 946 Non:
1209 898 1574 972 parergon
1642 890 1782 963 oet,
1814 879 1877 951 si
1944 877 2227 953 doceat.
2365 880 2498 952 Sin
2553 878 2745 953 libro

673 986 1136 1059 arithmetico
1170 988 1462 1076 inferat,
1484 1013 1724 1086 neque
1758 991 2216 1066 demonstrat
2246 1017 2486 1090 neque
2522 1016 2744 1065 cone-

673 1114 799 1172 tur
832 1099 1358 1189 demonstrare,
1393 1102 1592 1197 quod
1623 1103 1800 1176 fecit
1820 1104 1966 1194 ille,
2000 1106 2332 1201 ineptum
2364 1118 2497 1178 est.
2552 1106 2743 1179 Quae

669 1213 1002 1308 sequitur
1031 1237 1165 1309 per
1202 1226 1352 1287 tres
1404 1216 1735 1310 paginas,
1770 1230 1883 1289 oet
1925 1218 2492 1313 praecedentium
2546 1242 2743 1313 sym-

670 1325 910 1399 bolica
941 1328 1264 1423 scriptio.
1366 1329 1674 1418 Deinde,
1708 1331 2029 1403 ostendit
2088 1331 2455 1427 quomodo
2497 1332 2740 1404 multi·

668 1440 949 1535 plicari,
983 1440 1060 1512 in
1092 1440 1366 1535 regulae
1424 1464 1666 1514 aureae
1724 1444 2170 1538 operatione,
2205 1444 2490 1540 possint
2546 1445 2742 1517 inter

668 1576 748 1626 se
824 1554 987 1627 duae
1065 1555 1510 1650 quantitates
1588 1555 2117 1653 heterogeneae,
2195 1557 2315 1629 vel
2377 1582 2527 1630 una
2605 1582 2740 1654 per

666 1667 973 1740 alteram
1027 1667 1255 1740 dividi
1301 1668 1580 1764 possit;
1630 1682 1834 1765 puta,
1890 1670 2259 1765 quomodo
2315 1670 2605 1766 pondus
2657 1673 2737 1744 in

663 1781 931 1854 lineam
958 1781 1449 1877 multiplicari,
1474 1784 1591 1855 vel
1623 1806 1755 1879 per
1789 1807 1951 1855 eam
2010 1783 2240 1856 dividi
2289 1785 2565 1880 possit:
2621 1785 2735 1857 di-

664 1895 909 1991 citque
935 1905 1326 1991 utrumque
1377 1897 1540 1968 fieri
1597 1920 1730 1993 per
1787 1896 2292 1970 reductionem
2351 1898 2731 1994 utriusque

665 2009 1096 2102 quantitatis
1129 2009 1225 2081 ad
1257 2034 1603 2083 numeros
1633 2042 1652 2094 ;
1705 2022 1782 2082 et
1817 2010 2111 2107 quidem
2142 2022 2367 2084 recte.

762 2121 863 2193 B.
916 2121 1065 2194 Sed
1098 2145 1340 2194 nonne
1371 2123 1530 2195 fieri
1563 2135 1812 2219 potest
1833 2124 2052 2196 etiam
2072 2148 2206 2220 per
2226 2123 2733 2197 reductionem

663 2231 757 2304 ad
791 2232 1040 2322 lineas,
1070 2257 1237 2306 cum
1273 2234 1412 2330 ipsi
1443 2236 1729 2307 numeri
1751 2235 1848 2308 ad
1871 2235 2098 2308 lineas
2121 2235 2373 2309 reduci
2395 2236 2729 2332 possint?

662 2346 1023 2418 Praeterea
1052 2347 1211 2418 fieri
1244 2358 1489 2442 potest
1521 2359 1608 2420 ut
1638 2347 1927 2444 pondus
1960 2347 2269 2444 ponderi
2302 2347 2397 2420 sit
2452 2349 2732 2422 incom-

661 2458 1186 2530 mensurabile:
1238 2471 1418 2532 tunc
1452 2473 1697 2532 autem
1733 2460 1984 2533 reduci
2032 2459 2130 2532 ad
2186 2483 2535 2534 numeros
2579 2485 2730 2534 non

656 2584 989 2669 possunt,
1025 2572 1122 2644 ad
1140 2571 1368 2646 lineas
1395 2585 1724 2669 possunt.

757 2686 854 2757 A.
910 2685 1385 2760 Commodius
1419 2700 1620 2760 certe
1652 2687 2098 2761 reducuuter
2129 2688 2225 2761 ad
2259 2689 2511 2762 lineas,
2583 2689 2731 2762 Sed

656 2797 777 2872 ille
812 2822 1225 2895 quanquam
1258 2824 1409 2873 non
1435 2801 1634 2890 satiS,
1668 2824 1817 2873 non
1853 2800 2042 2873 male
2077 2813 2324 2873 tamen
2358 2802 2560 2875 fecit.

761 2912 857 2985 B.
911 2914 1014 2985 At
1062 2913 1183 2986 ille
1241 2914 1639 3002 Hobbium,
1676 2914 1850 3009 quia
1900 2914 2260 2987 rationem
2318 2913 2726 3010 ponderum

656 3036 732 3098 et
763 3025 1120 3099 linearum
1155 3026 1643 3099 mediantibus
1699 3027 1911 3099 lineis
1965 3027 2431 3122 permutavit,
2481 3050 2725 3100 accer-

655 3138 838 3210 rime
871 3139 1200 3235 increpat
1232 3140 1309 3211 in
1336 3138 1691 3211 Elench.

683 3290 686 3297 ·
754 3250 846 3324 A.
897 3252 1134 3326 Tanto
1157 3252 1276 3325 ille
1311 3252 1641 3349 nequior.
1710 3252 2065 3324 Venimus
2093 3253 2252 3348 jam
2276 3253 2372 3325 ad
2407 3255 2725 3326 Auream

659 3364 1012 3459 Regulam
1070 3367 1432 3439 inversam
1491 3365 1643 3437 sive
1696 3365 2173 3462 reciprocam,
2236 3390 2458 3461 quam
2509 3366 2726 3440 docet

658 3476 911 3573 Capite
991 3478 1288 3550 xxxviii.
1457 3475 1601 3549 Ubi
1683 3476 2077 3573 expositi-5,
2148 3478 2414 3573 inquit,
2483 3478 2723 3551 tribus

652 3590 1210 3687 quantitatibus,
1252 3590 1614 3689 quoeritur
1648 3600 1926 3688 quarta
1980 3590 2363 3688 reciproce
2399 3614 2723 3687 propor-

653 3701 975 3775 tionalis.

749 3816 1465 3889 Demonstrationem
1499 3814 1774 3910 regulae
1824 3815 2042 3912 hujus
2099 3815 2397 3888 deducit
2453 3816 2545 3888 ab
2605 3838 2718 3906 eu,

651 3930 845 4027 quod
880 3930 955 4002 in
988 3930 1428 4024 rectaugulis
1455 3928 1851 4023 aequalibus
1885 3928 2116 4002 latera
2138 3941 2312 4002 sunt
2346 3928 2719 4025 reciproce

647 4041 1243 4140 proportionalia.
1398 4039 1622 4115 Quod
1688 4041 1984 4137 quidem
2058 4052 2256 4115 recte
2325 4041 2524 4129 fecit,
2588 4042 2719 4115 sed

646 4156 1078 4231 necessarie.
1184 4156 1529 4228 Fateatur
1566 4178 1742 4250 ergo
1777 4156 1920 4243 hic,
1959 4155 2157 4252 quod
2190 4155 2487 4250 negavit
2520 4166 2715 4243 ante,

646 4270 1185 4345 arithmeticam
1220 4293 1265 4342 a
1291 4269 1720 4365 geometria,
1745 4292 1892 4342 non
1930 4280 2212 4354 contra,
2232 4268 2715 4364 geometriam

647 4384 738 4456 ab
774 4383 1231 4459 arithmetica
1292 4383 1726 4480 dependere.
1831 4382 2123 4456 Caetera
2175 4392 2496 4470 transe0,
2545 4405 2714 4454 cum
