3094 5125
775 513 1412 567 MATHEMATmAE
1455 513 1942 567 RODIERNAE.
2302 496 2387 561 91

396 677 497 752 B.
555 680 718 754 Cur
775 682 887 755 ita
930 681 1110 755 fecit
1161 682 1459 767 nescio;
1510 682 1677 771 nisi,
1712 680 1887 778 quia
1932 677 2409 777 Ougthredus
2472 699 2774 743 numana

300 790 707 868 fractiones
745 795 1140 869 decimales
1171 806 1339 893 post
1389 796 1705 870 unitatis
1736 796 1985 869 locum
2017 794 2292 891 posuit,
2325 802 2412 866 ut
2495 782 2780 886 ,ξιξ-ό

304 929 462 1001 quae
502 909 716 983 fiunt
753 934 803 983 a
841 910 1164 983 numeris
1206 921 1374 1006 post
1428 908 1861 983 divisionem
1916 931 2049 1004 per
2093 916 2205 997 10,
2246 915 2410 997 100,

311 1026 523 1107 1000,
558 1030 719 1111 etc,
757 1021 1092 1111 residuiS,
1141 1033 1218 1095 et
1267 1022 1716 1118 separatrice
1769 1022 1985 1111 linea,
2027 1046 2175 1118 qua
2227 1045 2411 1117 quo-

304 1131 492 1206 tiens
542 1159 593 1208 a
640 1158 964 1209 numero
1016 1134 1411 1208 dividendo
1464 1145 1872 1231 separatur,
1909 1134 2271 1221 distinxit,
2325 1158 2414 1208 eo

306 1246 447 1320 fine
504 1261 598 1323 ut
658 1249 1148 1338 additionem,
1205 1249 1807 1338 subtractionem,
1864 1247 2417 1344 multiplicatio-

308 1383 498 1451 nem,
527 1376 611 1437 et
649 1363 1093 1437 divisionem
1120 1377 1275 1437 tam
1300 1364 1762 1461 integrorum
1784 1386 2005 1459 quam
2036 1362 2416 1436 fractionis

311 1473 570 1550 iisdem
628 1477 1191 1575 operationibus
1246 1476 1903 1573 complecteretur;
1958 1476 2127 1550 ideo
2161 1474 2417 1549 Walli-

318 1586 460 1660 sius
493 1590 627 1687 qui
673 1590 874 1663 forte
919 1589 1109 1687 quid
1160 1588 1251 1662 ab
1305 1588 1740 1685 Ougthredo
1797 1590 2032 1680 fieret,
2082 1612 2234 1662 non
2286 1613 2419 1662 cur

320 1699 523 1775 fieret
577 1701 1251 1792 animadvertisset,
1306 1725 1656 1776 numeros
1724 1703 1980 1776 ambos
2046 1702 2421 1798 integrum

324 1823 395 1885 et
443 1813 801 1902 fractum,
850 1814 1255 1909 conjunxit,
1302 1815 1525 1888 etiam
1581 1816 1709 1888 ubi
1759 1838 1912 1889 non
1968 1826 2162 1888 esset
2207 1837 2418 1910 opuS,

324 1946 450 2020 per
484 1928 1012 2002 imitationem.

427 2040 525 2114 Α.
579 2042 1003 2116 Verisimile
1038 2053 1172 2114 est.
1265 2042 1413 2116 Cur
1438 2053 1691 2117 autem
1725 2054 1840 2116 tot
1858 2041 2100 2115 verbis
2134 2039 2229 2113 ad
2263 2062 2421 2113 rem

333 2162 478 2225 tam
502 2154 805 2229 facilem
840 2154 1210 2251 explicatu
1242 2179 1419 2229 usus
1458 2169 1598 2246 est,
1633 2156 2022 2230 manifesta
2055 2178 2277 2228 causa
2311 2166 2425 2227 est

337 2268 529 2359 quod
551 2293 667 2360 ea,
688 2293 853 2365 quae
879 2268 1425 2365 scripturiebat,
1447 2270 1678 2345 cruda
1698 2269 1941 2343 adhuc
1963 2283 2040 2343 et
2057 2268 2425 2365 indigesta

337 2376 439 2452 illi
470 2394 714 2456 erant.
819 2383 1010 2458 Quae
1041 2393 1289 2456 autem
1326 2383 1657 2457 nondum
1691 2384 2021 2480 perfecte
2055 2382 2423 2471 didiceris,

342 2515 713 2593 nunquam
770 2496 1095 2570 breviter
1140 2507 1216 2571 et
1258 2497 1648 2595 perspicue
1701 2496 2071 2594 explicare
2125 2496 2426 2595 poteriS.

439 2608 793 2705 Sequitur
826 2610 1065 2704 Caput
1095 2609 1571 2683 undecimum
1620 2610 1716 2684 de
1748 2609 2160 2685 Notatione
2193 2608 2429 2709 Alge-

349 2715 624 2795 braina.

444 2835 541 2908 B.
596 2836 729 2908 Est
762 2835 840 2907 in
876 2859 966 2909 eo
1000 2836 1240 2932 capite
1276 2835 1474 2932 quod
1505 2860 1657 2909 non
1691 2836 2048 2933 intelligo,

444 2948 545 3023 A.
599 2948 928 3022 Ostende
967 2948 1234 3022 locum.

448 3063 545 3135 B.
601 3063 737 3135 En.
852 3061 943 3135 Si
972 3085 1170 3150 vere,
1207 3072 1351 3134 etc.

446 3176 544 3250 A.
600 3174 691 3248 Si
712 3199 883 3248 vero
902 3175 1158 3249 eadem
1187 3174 1554 3248 unitatum
1577 3172 1996 3265 multitudo,
2023 3199 2286 3272 nempe
2313 3182 2435 3264 27,

358 3287 429 3362 in
494 3288 842 3362 continua
893 3286 1388 3386 proportione
1452 3286 1884 3384 quadrupla
1961 3287 2438 3387 disponatur,

358 3412 677 3501 emerget
729 3402 1283 3499 quaternionum
1329 3400 1714 3497 quaternio
1767 3425 1977 3490 unus,
2012 3412 2090 3475 et
2135 3402 2277 3475 duo
2328 3402 2441 3476 in-

360 3539 576 3614 super
626 3515 1008 3614 simplices
1054 3514 1599 3611 quaterniones,
1641 3539 1803 3588 cum
1836 3514 2078 3589 tribus
2112 3516 2442 3590 residuis

360 3627 782 3702 unitatibus.

456 3742 553 3815 B.
612 3742 806 3830 Hoc,
842 3741 1169 3838 inquam,
1202 3764 1354 3814 non
1392 3741 1755 3839 intelligo.
1862 3742 2055 3815 Nam
2091 3744 2155 3816 si
2180 3744 2445 3838 jubear

366 3852 747 3950 disponere
802 3857 899 3937 27
933 3855 1012 3928 in
1065 3855 1547 3952 proportione
1608 3857 2020 3954 quadrupla
2068 3859 2442 3948 continua,

367 3965 438 4039 id
488 3977 627 4058 est,
688 3968 766 4041 in
825 3969 1304 4065 proportione
1361 3992 1841 4043 numerorum
1887 3978 1948 4058 l,
1997 3980 2070 4061 4,
2119 3979 2256 4053 163
2307 3993 2446 4066 pro

365 4081 597 4175 primo
652 4105 962 4155 numero
1013 4104 1365 4178 ponerem
1401 4082 1495 4168 A,
1530 4106 1664 4178 pro
1716 4083 2039 4157 secundo
2090 4092 2135 4155 4
2170 4083 2260 4170 A,
2312 4106 2447 4178 pro

366 4195 581 4268 tertio
619 4201 708 4267 16
729 4194 844 4278 A;
897 4217 1213 4289 quorum
1246 4218 1531 4267 summa
1564 4206 1678 4268 est
1698 4203 1785 4269 21
1819 4197 1909 4268 A.
1983 4194 2234 4268 Diviso
2271 4217 2450 4290 ergo

364 4310 459 4390 27
493 4331 628 4403 per
688 4316 812 4395 21,
871 4302 1309 4403 prodibit-{¹}-
1349 4307 1501 4380 sive
1564 4305 1710 4397 172,
1766 4332 1901 4405 pro
1945 4309 2032 4380 A.
2137 4307 2235 4379 Et
2282 4315 2325 4378 4
2383 4309 2449 4380 A

367 4433 583 4495 erunt
619 4418 780 4506 5÷3
832 4432 908 4495 et
953 4429 1037 4496 16
1066 4421 1156 4512 A,
1193 4420 1407 4508 20-;-;
1461 4421 1589 4518 qui
1640 4421 1927 4494 numeri
1984 4420 2268 4495 faciunt
2321 4446 2450 4518 ag-
