3094 5125
1056 522 1721 576 enoMETnARUM.
2273 506 2417 574 405

348 686 589 759 ductae
622 710 668 759 a
702 697 957 761 centro
993 688 1089 761 ad
1141 689 1827 776 circumferentiam,
1863 687 2144 761 faciunt
2175 697 2262 760 ut
2296 711 2418 761 an·

343 800 557 895 gulus
599 800 1116 896 conspiciatur.
1223 803 1483 899 Neque
1525 815 1700 875 sunt
1747 801 1892 875 illae
1944 800 2155 873 lineae
2194 814 2419 875 rectae

347 911 438 985 de
493 914 808 986 essentia
857 914 1129 1009 anguli,
1174 915 1298 1010 qui
1351 916 1506 989 sine
1557 914 1702 988 illis
1756 914 2287 988 determinatur
2340 915 2418 987 in

345 1048 543 1113 arcu,
574 1050 991 1123 quanquam
1019 1030 1436 1103 essentiales
1472 1030 1621 1102 sint
1646 1029 1899 1125 figuris
1927 1028 2315 1125 angulatis,
2336 1041 2421 1102 ut

348 1138 755 1235 triangulis,
793 1140 1189 1236 quadratiS,
1227 1154 1364 1215 etc.

446 1253 558 1325 Ex
583 1253 698 1326 his
734 1278 898 1349 quae
927 1253 1126 1327 dicta
1159 1267 1331 1328 sunt
1365 1254 1457 1329 de
1485 1265 1751 1329 natura
1777 1255 2050 1352 anguli,
2084 1255 2326 1328 brevis
2347 1265 2423 1329 et

343 1364 539 1438 clara
584 1367 897 1462 emergit
941 1368 1192 1463 anguli
1241 1369 1457 1464 hujus
1511 1368 1804 1465 generis
1852 1367 2182 1441 definitio
2219 1368 2419 1441 baec:

344 1477 690 1576 Aug-ulus
725 1488 839 1551 est
867 1479 1347 1570 circuitionis,
1369 1481 1520 1553 sive
1551 1479 2151 1569 circumlationiS,
2189 1480 2420 1569 radii,

344 1592 509 1664 dum
544 1592 899 1664 circulum
931 1591 1051 1665 vel
1070 1602 1374 1691 partem
1410 1591 1680 1666 circuli
1716 1591 2101 1681 describit,
2140 1592 2419 1689 quanti·

347 1714 489 1776 tas.
611 1704 872 1777 Dicere
933 1706 1127 1777 enim
1184 1705 1382 1800 quod
1435 1706 1531 1779 sit
1592 1704 1977 1777 inclinatio
2031 1704 2419 1793 linearum,

348 1818 657 1891 aniculae
715 1819 959 1914 potius
1015 1829 1126 1891 est
1186 1818 1506 1891 sedentis
1559 1818 1653 1891 ad
1711 1818 2063 1913 angulum
2125 1818 2419 1906 camini,

346 1955 563 2027 quam
599 1932 1122 2020 mathematici,
1159 1932 1626 2027 ejusdemque
1676 1931 2002 2003 accurati
2049 1940 2124 2002 et
2175 1929 2419 2024 rigidi.

444 2043 867 2117 Mensuram
922 2058 1166 2116 autem
1223 2045 1438 2140 hujus
1472 2044 1763 2139 generis
1816 2043 2251 2138 angulorum
2288 2066 2420 2139 ag-

340 2170 656 2231 noscunt
691 2182 942 2232 omnes
978 2181 1133 2231 esse
1169 2181 1422 2230 arcum
1458 2157 1758 2229 circuli:
1797 2168 2211 2252 agnoscunt
2236 2157 2418 2229 item

340 2294 749 2344 mensuram
808 2284 883 2345 et
935 2283 1436 2344 mensuratum
1498 2293 1654 2343 esse
1708 2270 1785 2342 in
1833 2268 2091 2342 eodem
2145 2293 2416 2365 genere

342 2386 791 2480 quantitatis.
916 2385 1123 2459 Idem
1156 2409 1331 2481 ergo
1366 2395 1478 2457 est
1534 2383 1966 2480 quantitatis
2009 2406 2266 2479 genus,
2302 2407 2416 2457 ar-

344 2521 473 2570 cus
508 2509 582 2572 et
618 2499 951 2595 angulus.

443 2610 1003 2685 Consideremus
1063 2615 1218 2710 jam
1277 2624 1617 2686 naturam
1686 2610 1951 2709 anguli
2013 2620 2415 2684 contactus.

342 2723 593 2797 Divisa
650 2725 781 2797 AB
834 2725 1169 2798 bifariam
1228 2726 1306 2798 in
1353 2726 1447 2811 K,
1503 2724 1710 2798 radio
1770 2724 1905 2796 KB
1962 2723 2416 2797 describatur

341 2837 838 2910 semicirculus
875 2837 1043 2910 BA:
1096 2838 1545 2934 ducaturque
1582 2848 1786 2910 recta
1819 2837 1945 2909 BL
1970 2838 2416 2933 magnitudi-

340 2950 455 3023 nis
522 2949 946 3038 indefinitae,
1007 2950 1135 3023 sed
1200 2950 1546 3045 parallela
1603 2950 1752 3038 AF,
1803 2974 1967 3045 quae
2024 2963 2418 3047 propterea

340 3073 594 3158 tanget
628 3062 939 3135 circulos
976 3062 1103 3135 BA
1141 3076 1216 3134 et
1250 3063 1380 3135 BD
1416 3062 1491 3133 in
1524 3073 1802 3158 puncto
1841 3062 1923 3134 Β.
2032 3062 2414 3159 Suppona-

338 3200 499 3249 mus
547 3189 826 3249 rectam
873 3176 1215 3271 aliquam,
1250 3188 1336 3246 ut
1379 3174 1523 3262 BL,
1567 3174 1918 3269 aequalem
1971 3175 2174 3247 arcui
2233 3175 2410 3248 BA:

339 3289 782 3385 impossibile
818 3290 1014 3362 enim
1049 3312 1196 3361 non
1235 3300 1369 3361 est.
1475 3288 1985 3383 Supponamus
2032 3289 2251 3362 etiam
2291 3290 2416 3362 BL

341 3402 418 3476 in
466 3403 662 3476 omni
699 3405 853 3500 ejus
878 3415 1153 3499 puncto
1181 3400 1559 3497 aequaliter
1608 3401 1804 3473 flecti
1838 3401 1989 3473 sive
2023 3402 2414 3493 incurvari,

341 3515 447 3588 ita
482 3528 566 3589 ut
599 3517 970 3590 coincidat
1003 3540 1173 3588 cum
1206 3538 1379 3588 arcu
1419 3514 1593 3588 BA:
1630 3538 1865 3608 neque
1901 3515 2094 3587 enim
2129 3515 2273 3588 hoc
2301 3525 2415 3588 est

339 3627 805 3723 impossibile,
852 3631 1022 3727 quia
1068 3639 1151 3702 ut
1204 3653 1417 3702 arcus
1472 3627 1897 3701 extensione
1951 3629 2112 3700 fieri
2170 3639 2415 3724 potest

336 3739 531 3813 linea
564 3754 788 3829 recta,
825 3744 929 3816 ita
965 3755 1167 3816 recta
1200 3766 1331 3838 per
1357 3742 1774 3814 flectionem
1805 3742 2134 3815 converti
2167 3751 2416 3836 potest

337 3852 414 3924 in
450 3877 699 3927 arcum
737 3855 1013 3928 circuli.
1120 3856 1498 3927 Habemus
1551 3877 1728 3949 ergo
1784 3852 1965 3926 duos
2002 3876 2216 3925 arcus
2255 3853 2411 3941 BA,

340 3964 472 4037 BD
507 3967 883 4062 aequaliter
917 3992 1201 4057 curvoe,
1237 3991 1656 4066 quanquam
1691 3965 2199 4062 magnitudine
2232 3966 2412 4039 inae-

337 4079 609 4176 quales,
712 4080 1019 4170 Deinde,
1056 4082 1116 4153 si
1153 4106 1198 4154 a
1230 4093 1505 4177 puncto
1555 4081 1615 4153 B
1664 4078 1974 4151 ducatur
2019 4089 2224 4151 recta
2260 4077 2410 4151 ΒΜ

337 4215 592 4266 secans
628 4206 1020 4289 utrumque
1055 4195 1613 4279 semicirculum,
1647 4193 1995 4287 majorem
2033 4191 2108 4262 in
2136 4191 2243 4279 M,
2272 4191 2409 4262 mi-

337 4329 592 4379 norem
628 4306 704 4378 in
742 4307 811 4378 N
843 4334 860 4377 ε
914 4319 1130 4380 erunt
1164 4330 1451 4403 quoque
1486 4329 1699 4380 arcus
1736 4305 1906 4393 ΒΜ,
1947 4304 2081 4376 ΒΝ
2116 4303 2411 4400 aequali-

337 4432 452 4492 ter
487 4444 751 4510 curvae,
790 4442 957 4493 cum
994 4419 1139 4493 sint
1172 4419 1246 4492 in
1282 4420 1536 4493 eadem
1574 4418 1856 4492 ratione
1893 4441 2057 4490 cum
2087 4418 2234 4491 suis
2269 4417 2408 4490 cir-

2488 714 2624 755 CAP.
2648 713 2776 753 vlu.

2502 781 2786 816 κ-Ὑ-α

2509 841 2578 885 ne
2595 840 2769 898 angulo.
