3094 5125
650 456 796 522 368
1099 470 1205 521 nn
1245 468 1850 522 MAGNITUDINE
1894 469 2260 521 officum.

267 661 435 702 mov.
461 663 568 705 vn.
754 635 1028 710 Coroll.
1134 637 1329 712 Quia
1375 660 1552 732 ergo
1607 650 1811 710 recta
1845 636 1977 735 gd
2019 648 2096 708 et
2147 658 2361 709 arcus
2398 633 2521 706 BP
2555 644 2737 707 sunt

277 731 561 768 ‘'ff—d
646 751 984 848 aequaleS,
1013 762 1230 823 erunt
1243 749 1392 847 gd,
1421 750 1574 837 ΟΡ,
1591 750 1724 823 Ro
1747 750 2094 824 continue
2117 748 2731 846 proportionales.

1323 972 1821 1024 PROPOSITIO
1859 972 2047 1024 vul.

749 1089 854 1165 Ut
908 1088 1155 1162 radius
1213 1089 1337 1162 BC
1391 1088 1485 1162 ad
1540 1088 1913 1161 semissem
1970 1112 2183 1161 arcus
2234 1087 2389 1177 BD,
2458 1086 2562 1159 ita
2614 1099 2731 1159 est

647 1204 769 1277 DS
815 1202 931 1275 vel
984 1201 1118 1274 Ro
1174 1201 1269 1274 ad
1324 1200 1791 1275 semiradium
1841 1201 1968 1274 GI.
2073 1201 2260 1273 Cum
2313 1200 2510 1274 enim
2565 1200 2725 1290 RO,

647 1314 803 1405 AB,
842 1315 989 1388 ΒΜ
1043 1314 1227 1407 (sive
1270 1338 1484 1387 arcus
1531 1315 1724 1409 BD),
1780 1326 1952 1387 sunt
2012 1316 2358 1387 continue
2417 1336 2726 1409 propor-

647 1428 982 1517 tionales,
1026 1429 1166 1502 erit
1223 1442 1307 1501 ut
1360 1428 1493 1500 AB
1544 1427 1640 1500 ad
1694 1428 2068 1501 semissem
2104 1428 2249 1500 ΒΜ
2299 1426 2408 1520 (id
2457 1438 2590 1513 est,
2627 1426 2723 1499 ad

647 1566 900 1615 areum
936 1543 1116 1636 BP),
1153 1541 1260 1615 ita
1296 1541 1429 1614 Ro
1464 1541 1560 1614 ad
1594 1540 1693 1614 GI
1732 1541 2103 1613 semissem
2139 1539 2388 1613 lateris
2423 1539 2569 1612 BC.

1365 1762 1867 1815 PROPOSITIO
1908 1764 2027 1815 lx.

747 1882 982 1955 Recta
1015 1882 1154 1954 ΑΕ
1182 1882 1481 1976 aequalis
1517 1893 1629 1953 est
1675 1881 1878 1954 arcui
1915 1879 2342 1976 quadrantis
2378 1877 2726 1975 descripti

648 1994 855 2067 radio
890 1994 994 2067 AI
1030 1994 1145 2068 vel
1181 1994 1348 2068 ΑΩ.

750 2107 931 2180 Cum
971 2108 1167 2180 enim
1202 2130 1416 2180 arcus
1469 2105 1898 2203 quadrantis
1951 2104 2303 2202 descripti
2355 2102 2561 2177 radio
2599 2102 2724 2177 DS

646 2221 763 2293 vel
792 2221 925 2294 Ro
954 2220 1251 2317 aequalis
1287 2219 1383 2292 sit
1416 2218 1629 2291 lateri
1655 2219 1811 2307 ΑΒ,
1835 2232 1912 2291 et
1942 2219 2069 2291 Rn
2104 2219 2201 2291 sit
2234 2217 2537 2292 dimidia
2564 2217 2725 2306 Rc),

647 2358 860 2408 arcus
920 2333 1349 2430 quadrantis
1408 2332 1755 2427 descripti
1815 2333 1909 2405 ab
1959 2333 2084 2405 Rn
2115 2332 2232 2404 vel
2288 2332 2378 2404 ab
2424 2331 2547 2404 nO
2584 2331 2728 2403 erit

647 2447 945 2543 aequalis
993 2445 1381 2519 semiradio
1445 2445 1603 2518 ΒΕ.
1710 2446 1958 2520 Quare
2019 2468 2231 2518 arcus
2301 2444 2727 2541 quadrantis

649 2560 1056 2656 descriptus
1111 2586 1157 2632 a
1216 2560 1566 2632 subteusa
1624 2558 1744 2631 An
1811 2559 2108 2657 aequalis
2161 2558 2303 2632 erit
2361 2558 2727 2632 subtensae

648 2674 957 2747 duarum
1007 2683 1375 2745 rectarum
1409 2671 1568 2761 ΑΒ,
1612 2672 1760 2762 ΒΕ,
1793 2672 1871 2745 id
1907 2683 2039 2760 est,
2074 2685 2297 2745 rectae
2330 2672 2484 2744 ΑΕ.
2586 2671 2728 2744 Os-

646 2797 938 2859 tensum
998 2796 1242 2859 autem
1305 2797 1417 2858 est
1470 2785 1668 2880 quod
1723 2785 1874 2872 AE,
1933 2785 2084 2857 sive
2134 2784 2272 2858 Ad
2314 2794 2427 2857 est
2484 2782 2730 2856 media

647 2897 1215 2995 proportionalis
1269 2898 1462 2971 inter
1506 2922 1760 2972 arcum
1796 2899 1926 2971 BD
1964 2909 2039 2972 et
2071 2898 2300 2995 ipsius
2354 2898 2730 2971 semissem

651 3013 811 3094 ΒΡ;
866 3025 943 3084 et
977 3012 1445 3085 manifestum
1482 3023 1593 3086 est
1625 3036 1878 3085 arcum
1914 3011 2343 3108 quadrantis
2377 3010 2729 3106 descripti

648 3125 741 3197 ab
777 3126 922 3201 Aa
954 3126 1069 3199 vel
1115 3124 1218 3198 AI
1280 3125 1601 3199 medium
1658 3148 1815 3197 esse
1863 3124 2485 3221 proportionalem
2530 3124 2728 3196 inter

649 3238 942 3310 eosdem
1003 3257 1214 3311 arcus
1265 3237 1395 3310 BD
1433 3249 1508 3311 et
1555 3237 1698 3326 BP,
1722 3235 1904 3309 *cum
1953 3236 2111 3332 ipsa
2143 3236 2289 3312 Aa
2335 3238 2433 3309 sit
2482 3234 2726 3308 media

648 3351 1220 3447 proportionalis
1256 3351 1448 3424 inter
1482 3350 1615 3422 AB
1652 3361 1727 3422 et
1760 3349 1939 3423 AG:
1990 3348 2320 3444 sequitur
2352 3373 2528 3444 ergo
2563 3372 2724 3421 rec-

653 3477 804 3537 tam
839 3463 991 3548 AE,
1029 3473 1105 3535 et
1154 3487 1407 3536 arcum
1454 3462 1881 3560 quadrantis
1938 3462 2288 3558 descripti
2340 3462 2547 3536 radio
2582 3462 2729 3537 Aa

650 3577 763 3650 vel
793 3576 926 3665 ΑΙ,
963 3599 1119 3648 esse
1155 3576 1349 3649 inter
1382 3600 1460 3649 se
1493 3575 1833 3671 aequales,

1375 3800 1533 3850 PRO
1545 3799 1876 3853 POSITIO
1916 3801 1997 3851 X.

747 3917 977 3990 Recta
1012 3915 1143 3989 CO
1180 3916 1478 4011 aequalis
1512 3930 1627 3990 est
1662 3918 2027 3991 subtensae
2061 3939 2274 3990 arcus
2311 3916 2470 3989 ΒΚ.

749 4030 1079 4103 Ducatur
1132 4029 1478 4102 subteusa
1524 4030 1684 4120 ΒΚ,
1722 4041 1797 4102 et
1831 4028 2282 4127 producatur
2321 4029 2727 4102 indefinite.

649 4144 885 4217 Erunt
949 4167 1124 4237 ergo
1188 4154 1465 4239 puncta
1516 4143 1582 4216 O
1638 4155 1715 4215 et
1749 4143 1815 4214 V
1858 4143 1935 4215 in
1996 4142 2249 4216 eadem
2307 4153 2511 4216 recta
2566 4141 2725 4214 Ro,

648 4255 1126 4349 Triangulum
1180 4266 1425 4328 autem
1464 4254 1663 4329 OKV
1707 4267 1819 4328 est
1864 4255 2421 4352 aequilaterum;
2474 4269 2551 4329 et
2585 4254 2725 4326 ΑΚ

650 4369 924 4441 secabit
985 4383 1259 4443 rectam
1309 4369 1429 4442 Bk
1464 4368 1798 4443 bifariam
1851 4383 1926 4443 et
1976 4370 2072 4443 ad
2125 4370 2430 4465 angulos
2486 4381 2726 4441 rectos
