3094 5125
544 466 694 533 266
1193 482 1302 533 nn
1341 481 1685 534 NATURA
1722 480 1995 533 AmuS.

545 651 732 723 solet
765 650 1204 746 phantasma
1237 649 1444 723 lucis.
1500 648 1648 724 Sed
1682 660 2022 722 naturam
2057 659 2136 721 et
2160 672 2458 723 causam
2485 663 2640 723 tam

545 764 738 860 ignis
782 788 1003 859 quam
1051 764 1258 851 luciS,
1297 765 1374 836 in
1420 763 1609 836 libro
1645 784 1754 835 DE
1795 784 2177 836 CORPORE
2215 786 2375 859 cap.
2413 764 2637 852 xxvii,

543 877 721 950 satis
757 876 1149 972 explicavit
1186 876 1547 949 Hobbius.
1654 875 2024 950 Quoniam
2062 899 2236 971 ergo
2278 877 2470 972 ignis
2506 900 2639 951 na-

543 1003 715 1064 tura
747 1015 793 1063 a
825 1002 1034 1062 motu
1068 989 1200 1063 tali
1239 989 1633 1085 dependet,
1662 1002 1750 1063 ut
1774 990 1883 1061 vis
1910 989 2403 1085 percussionis
2440 990 2637 1062 oculi

545 1104 817 1177 exoriri
850 1104 1076 1177 faciat
1108 1103 1550 1200 phantasma
1580 1102 1810 1181 lucisz
1864 1126 2284 1199 quanquam
2311 1104 2420 1176 vis
2442 1103 2637 1176 illius

547 1229 791 1292 motus
839 1219 917 1291 in
971 1218 1400 1314 recipiente,
1436 1228 1523 1289 ut
1563 1216 1970 1314 loquimini,
2007 1228 2362 1289 evacuato
2424 1214 2637 1288 dimi-

544 1342 729 1405 nuta
761 1331 879 1422 sit,
915 1355 1264 1428 oppressa
1305 1331 1397 1404 ab
1452 1330 1643 1403 aeris
1697 1330 1898 1403 intus
1957 1330 2307 1404 commoti
2364 1329 2640 1403 consis-

545 1445 803 1535 tentia,
831 1469 983 1518 non
1024 1458 1274 1519 tamen
1311 1444 1813 1540 extinguitur;
1867 1455 1943 1516 et
1974 1454 2364 1540 propterea
2397 1443 2638 1516 levata

547 1559 1041 1654 oppressione,
1099 1559 1277 1632 satis
1338 1557 1641 1631 habebit
1694 1555 1962 1629 virium
2020 1556 2114 1629 ad
2170 1555 2636 1629 excitandam

545 1671 1008 1767 phantasiam
1075 1671 1284 1758 lucis,
1355 1694 1776 1768 quanquam
1848 1669 2298 1743 debiliorem.
2427 1670 2636 1743 Idem

545 1784 1011 1857 sentiendum
1071 1796 1187 1857 est
1242 1783 1334 1856 de
1391 1784 1545 1856 vita
1605 1783 2051 1872 animalium,
2105 1808 2269 1879 quae
2318 1783 2398 1856 in
2449 1784 2636 1857 reci-

543 1897 795 1994 piente
858 1897 973 1970 vel
1040 1896 1296 1970 fodina
1351 1896 1699 1969 videntur
1746 1896 2042 1992 quidem
2100 1919 2260 1969 esse
2319 1910 2634 1987 mortua,

544 2022 788 2084 motus
823 2021 1071 2084 tamen
1104 2010 1438 2083 internus
1462 2012 1785 2107 partium
1810 2011 2243 2100 calorificus,
2266 2010 2437 2083 vitae
2462 2033 2635 2107 pro-

488 2120 491 2123 ’
543 2125 774 2221 prius,
811 2124 1140 2197 nondum
1176 2123 1662 2219 extinguitur,
1698 2133 1772 2196 et
1808 2122 2118 2219 proinde
2154 2123 2383 2196 vitam
2408 2122 2628 2220 paulo

544 2249 716 2333 post
749 2237 1135 2333 recipiunt.

645 2351 745 2423 B.
806 2349 1122 2425 Quando
1152 2361 1400 2423 autem
1429 2359 1565 2437 est,
1595 2347 1793 2444 quod
1817 2349 1909 2423 de
1942 2350 2242 2423 homine
2268 2374 2438 2423 vere
2461 2375 2634 2447 pro-

545 2463 890 2536 nuntiare
947 2485 1336 2560 possumus
1393 2462 1590 2558 quod
1652 2475 1763 2535 est
1809 2474 2162 2553 mortuuS,
2211 2464 2387 2555 sive,
2438 2465 2636 2560 quod

546 2575 743 2648 idem
781 2586 914 2665 est,
950 2575 1271 2649 animam
1306 2576 1717 2672 expiravit?
1822 2576 2225 2673 Cognitum
2273 2580 2467 2652 enim
2523 2593 2638 2653 est

543 2688 876 2761 homines
923 2688 1317 2762 nonnullos
1376 2713 1511 2787 pro
1566 2690 1876 2764 mortuis
1928 2691 2240 2782 habitos,
2279 2693 2634 2788 postridie

545 2801 800 2890 elatos,
829 2802 1203 2874 revixisse.

648 2913 747 2987 A.
801 2914 914 2988 De
971 2926 1251 3011 puncto
1297 2915 1675 3011 temporis,
1722 2940 1866 3012 quo
1927 2917 2173 2990 anima
2231 2942 2278 2991 a
2327 2943 2632 3015 corpore

545 3038 949 3123 separatur,
986 3026 1282 3100 difficile
1342 3038 1453 3101 est
1514 3040 1863 3103 statuere.
1967 3031 2198 3128 Perge
2253 3032 2480 3128 igitur
2537 3033 2635 3106 ad

545 3140 1052 3236 experimenta
1083 3139 1250 3213 alia.

648 3253 747 3327 B.
803 3254 882 3327 Si
918 3253 1352 3326 demittatur
1379 3253 1456 3325 in
1492 3253 1852 3349 recipiens
1885 3256 2132 3329 vesica
2165 3256 2635 3332 mediocriter

543 3367 825 3456 inflata,
885 3366 1011 3440 illa
1060 3390 1194 3460 per
1250 3367 1911 3462 reciprocationem
1948 3370 2264 3443 suctoris
2324 3371 2633 3467 amplius

546 3480 1013 3568 distenditur,
1050 3492 1126 3553 et
1161 3479 1484 3568 tandem,
1522 3479 1585 3551 si
1632 3503 1856 3576 opera
1887 3495 2262 3577 urgeatur,
2320 3482 2632 3558 disrum-

546 3605 784 3690 petur.
890 3594 1139 3669 Quare
1172 3591 1476 3666 autem?

645 3708 742 3780 A.
800 3705 996 3781 Quia
1033 3706 1355 3779 cuticula
1384 3707 1624 3780 omnis
1660 3730 1750 3779 ex
1784 3708 2075 3781 filiculis
2123 3721 2441 3800 constat,
2465 3735 2631 3808 quae

545 3822 874 3916 praeter*
908 3821 1204 3916 figuraS,
1242 3832 1676 3893 contactum
1711 3845 1841 3917 per
1895 3822 2143 3895 omnia
2183 3835 2463 3919 puncta
2508 3849 2629 3898 ac-

546 3945 885 4007 curatum
951 3932 1223 4006 habere
1289 3956 1439 4006 non
1496 3946 1828 4032 possunt.
1958 3936 2214 4009 Pervia
2271 3960 2449 4032 ergo
2521 3949 2635 4011 est

545 4048 811 4136 vesica,
850 4070 1018 4120 cum
1053 4047 1147 4120 sit
1183 4046 1524 4138 cuticula,
1562 4071 1700 4120 nec
1735 4048 1886 4120 aeri
1921 4060 2236 4136 tantum,
2261 4049 2392 4122 sed
2412 4051 2636 4124 etiam

546 4183 779 4255 aquae,
808 4160 1042 4257 qualis
1066 4171 1178 4233 est
1214 4157 1460 4232 sudor.
1567 4160 1847 4233 Eadem
1882 4184 2058 4257 ergo
2094 4162 2307 4251 aeris,
2334 4187 2468 4258 per
2488 4164 2638 4236 vim

825 4419 859 4452 ⁴*
906 4418 1003 4478 Sic
1030 4419 1188 4478 Edit.
1229 4422 1397 4479 1668.
1482 4419 1690 4491 Quaere
1733 4425 2032 4498 “propter
2058 4422 2332 4499 figuras.”
