3094 5125
617 392 762 457 342
1166 402 1722 456 PRoBLEMA‘rA
1764 404 2146 456 ansch.

277 603 411 642 car.
436 602 517 642 vt.
617 569 812 665 quod
849 593 1121 644 novum
1156 595 1204 644 a
1237 572 1466 643 veteri
1514 571 1793 645 mundo
1841 582 2158 668 separat,
2193 568 2712 643 Atlanticum:

243 671 530 705 *qr—d

197 728 593 785 Dep1„,;,‚ve„20‚
618 708 840 781 supra
903 709 1067 782 quae
1113 686 1348 759 maria
1398 684 1508 758 sol
1555 686 1827 760 rectior
1874 684 2151 758 incedit
2205 707 2427 781 quam
2481 705 2721 778 supra

193 793 377 851 ”¹³¹⁸‘1¹¹⁰
404 795 505 839 “¹³¹¹
525 808 597 839 η·
619 809 910 886 caetera,
973 808 1050 871 et
1109 809 1503 895 propterea
1557 800 1912 895 majorem
1964 796 2137 871 inde
2198 797 2437 870 elevat
2489 820 2719 893 aquae

191 859 431 903 uenatibus,

621 911 1130 1007 quantitatem.
1236 912 1424 986 Quae
1470 935 1639 984 cum
1693 912 1772 986 in
1831 911 2102 985 nubem
2159 909 2537 1002 coaluerit,
2576 908 2717 982 de-

621 1023 908 1099 scendit
940 1046 1193 1098 rursus
1227 1024 1303 1096 in
1337 1024 1607 1120 pluvia.

722 1136 820 1211 A.
875 1136 958 1211 Si
1009 1136 1121 1210 sol
1180 1159 1471 1232 aquam,
1523 1149 1611 1209 ut
1668 1136 1874 1223 dicis,
1922 1136 2185 1225 elevat,
2222 1158 2373 1208 cur
2431 1157 2581 1207 non
2631 1144 2715 1207 et

623 1250 985 1325 sustinere
1019 1257 1264 1346 potest
1299 1272 1392 1322 ne
1425 1249 1761 1324 recidat?

725 1363 822 1436 B.
894 1363 1135 1437 Etiam
1189 1362 1610 1453 sustineret,
1663 1362 1908 1453 credo,
1957 1362 2100 1435 nisi
2152 1361 2406 1434 multae
2457 1371 2712 1455 partes

624 1487 1145 1550 concurrentes
1215 1476 1538 1572 pondere
1610 1499 1742 1549 suo
1806 1476 1953 1548 vim
2025 1474 2434 1548 elevantem
2490 1497 2713 1570 supe-

622 1598 894 1663 rarent.

720 1703 819 1776 A.
876 1703 1062 1778 Quae
1101 1725 1320 1776 causa
1353 1715 1462 1776 est
1499 1702 1945 1775 concursus?

723 1814 816 1891 Β.
873 1814 1248 1911 Quicquid
1299 1814 1557 1889 lationi
1613 1837 1864 1888 earum
1926 1838 2001 1886 se
2053 1814 2383 1910 opponit,
2421 1824 2495 1887 et
2542 1824 2705 1887 tan-

622 1932 849 2026 tisper
897 1929 1169 2002 retinet
1215 1929 1391 2002 dum
1453 1929 1617 2003 aliae
1669 1929 2248 2025 supervenerint,
2285 1940 2369 2001 ut
2419 1939 2707 2001 montes

626 2043 740 2116 vel
809 2052 1095 2116 ventus.
1226 2042 1614 2130 Praeterea,
1685 2039 1978 2138 quando
2046 2040 2384 2113 feruntur
2452 2064 2708 2113 versus

624 2155 855 2253 polos,
892 2154 1020 2228 ubi
1054 2156 1164 2228 vis
1200 2155 1371 2228 solis
1408 2168 1708 2252 propter
1756 2154 2263 2249 obliquitatem
2301 2154 2538 2227 minor
2570 2165 2706 2243 est,

623 2267 820 2341 unde
847 2267 1305 2341 descendunt
1339 2268 1694 2363 paulatim
1728 2267 2053 2363 pondere
2089 2291 2246 2340 suo.
2353 2266 2500 2339 Sed
2537 2268 2712 2363 quia

623 2380 909 2477 pondus
979 2380 1161 2455 illud
1219 2379 1458 2453 tendit
1507 2381 1601 2453 ab
1672 2382 1873 2454 omni
1931 2391 2141 2477 parte
2208 2380 2305 2453 ad
2371 2392 2710 2453 centrum

623 2507 865 2584 terrae,
893 2492 1306 2567 necessario
1341 2506 1710 2589 coguntur
1741 2492 2249 2569 descendendo
2284 2494 2362 2567 in
2390 2494 2711 2590 spatium

624 2609 924 2692 arctius,
962 2618 1035 2679 et
1070 2606 1380 2701 guttulae
1415 2617 1765 2681 contactu
1800 2621 2162 2682 crescunt.

724 2718 819 2792 A.
875 2721 962 2793 In
1005 2720 1376 2793 altissimis
1439 2722 1810 2795 montibus
1858 2746 1991 2795 cur
2024 2736 2177 2795 tam
2213 2744 2408 2818 saepe
2442 2720 2707 2817 ningit,

626 2846 781 2907 tam
817 2857 982 2906 raro
1020 2832 1208 2930 pluit
1241 2831 1265 2904 ?
2472 2861 2473 2864 ¹

728 2945 818 3018 Β.
883 2947 1078 3022 Quia
1111 2970 1418 3043 vapores
1463 2948 1731 3021 elevati
1786 2970 2008 3044 supra
2041 2970 2361 3021 summos
2397 2958 2707 3036 monteS‚

601 3044 751 3134 ‘ubi
786 3074 1035 3133 motus
1069 3061 1257 3133 aeris
1294 3072 1405 3133 est
1461 3061 1897 3149 liberrimuS,
1948 3061 2041 3133 ab
2089 3061 2213 3134 illo
2262 3072 2469 3134 motu
2523 3061 2711 3133 aeris

628 3174 1132 3269 congelantur,
1159 3186 1554 3270 antequam
1591 3175 1667 3246 in
1699 3185 1950 3270 guttas
1978 3175 2438 3270 majusculas,
2463 3174 2712 3271 quales

626 3288 908 3360 faciunt
940 3287 1286 3383 pluviam,
1316 3288 1690 3360 uniantur.
1764 3286 2091 3361 Guttulae
2125 3300 2374 3360 autem
2400 3287 2506 3360 sic
2540 3309 2710 3360 con-

626 3401 892 3498 gelatae
928 3411 1103 3471 sunt
1138 3400 1288 3472 nix.

725 3509 817 3584 A.
873 3510 1023 3584 Cur
1075 3523 1229 3584 tam
1283 3536 1449 3586 raro
1500 3512 1690 3609 pluit
1741 3514 1817 3586 in
1850 3512 2198 3609 AEgypto‚
2250 3536 2419 3585 cum
2464 3522 2712 3586 tamen

627 3628 704 3698 in
765 3626 946 3699 locis
1004 3627 1363 3720 oequatori
1418 3627 1882 3722 propioribus
1937 3626 2186 3722 pluvia
2224 3637 2432 3700 tanta
2483 3628 2581 3700 sit
2629 3638 2714 3698 ut

629 3739 798 3812 inde
837 3740 990 3813 Nili
1028 3739 1308 3812 oriatur
1343 3740 1726 3812 inundatio
1758 3739 1782 3810 Ρ

727 3853 824 3925 B.
883 3852 1144 3937 Causa,
1197 3864 1283 3922 ut
1341 3850 1515 3940 dixi,
1556 3851 2050 3926 descensionis
2108 3852 2375 3948 pluviae
2431 3875 2601 3939 una,
2639 3862 2714 3926 et

623 3965 816 4039 forte
873 3966 1215 4053 maxima,
1253 3978 1364 4037 est
1401 3965 1738 4039 collectio
1773 3978 1847 4039 et
1879 3966 1960 4038 in
1992 3966 2237 4039 nivem
2296 3965 2714 4061 inspissatio

625 4104 985 4175 vaporum
1022 4080 1222 4151 circa
1258 4090 1546 4151 montes
1587 4103 1918 4174 magnOS,
1956 4103 2120 4174 quae
2158 4080 2385 4152 Lunae
2422 4079 2714 4152 Montes

626 4193 1126 4286 appellantur:
1180 4193 1550 4289 praecipue
1605 4218 1780 4267 vero
1850 4195 2211 4268 existente
2273 4195 2424 4268 sole
2486 4219 2713 4291 prope

627 4305 1237 4399 aequinoctialem,
1264 4307 1386 4402 qui
1424 4331 1688 4400 aquam
1718 4322 1893 4382 tunc
1920 4308 2426 4404 potentissime
2455 4308 2713 4392 elevat,
