3094 5125
1135 497 1242 547 DE
1282 496 1622 548 NATURA
1663 496 1938 549 Aulus.
2443 480 2588 559 273

493 655 736 731 locum
770 660 848 733 in
882 661 1162 735 mundo
1197 664 1414 760 pleno
1449 665 1733 738 nullum
1760 666 2039 738 habens
2076 689 2222 761 quo
2274 690 2350 739 se
2406 668 2584 739 reci-

491 772 672 867 piat,
708 785 1078 848 suctorem
1114 800 1364 850 rursus
1407 778 1502 851 ad
1539 777 1857 874 cylindri
1903 779 2401 852 summitatem
2456 780 2585 852 im-

491 885 737 981 pellet,
774 900 1079 985 propter
1111 891 1418 964 eandem
1443 915 1737 964 causam
1763 916 1928 989 quae
1955 893 2200 967 effecit
2227 903 2311 966 ut
2339 904 2588 966 suctor

492 1000 711 1095 paulo
749 1014 922 1074 aute
952 1003 1327 1099 impulerit
1353 1028 1623 1077 aerem.

595 1113 693 1187 B.
747 1115 1160 1189 Verisimile
1230 1128 1363 1191 est.
1505 1119 1799 1191 Caetera
1858 1120 2367 1215 experimenta
2434 1143 2588 1193 ma-

493 1226 755 1316 chinae,
793 1229 917 1325 qui
953 1230 1298 1303 videntur
1330 1231 1426 1304 ad
1452 1232 1743 1305 easdem
1773 1232 2217 1328 hypotheses
2248 1242 2415 1305 tuas
2438 1255 2587 1305 non

493 1337 882 1414 difficulter
913 1342 1166 1415 reduci
1199 1368 1434 1440 posse,
1470 1345 1889 1441 praeteribo,

592 1456 688 1530 A.
741 1459 1018 1531 Fateris
1054 1482 1230 1555 ergo
1265 1460 1449 1533 nihil
1475 1461 1833 1534 hactenus
1861 1484 1907 1533 a
1926 1458 2226 1556 collegis
2247 1460 2394 1533 tuis
2415 1484 2588 1558 pro-

494 1581 770 1643 motam
825 1594 984 1645 esse
1046 1572 1427 1646 scientiam
1481 1597 1869 1647 causarum
1928 1574 2403 1663 naturalium,
2441 1574 2585 1647 nisi

495 1682 692 1776 quod
724 1708 911 1758 unus
950 1708 1203 1758 eorum
1250 1686 1669 1759 machinam
1716 1685 2101 1774 invenerit,
2140 1709 2288 1781 qua
2339 1697 2584 1760 motus

493 1796 800 1870 excitari
834 1797 1019 1871 aeris
1054 1799 1284 1896 possit
1339 1799 1534 1889 talis,
1571 1811 1656 1872 ut
1711 1812 1958 1896 partes
2009 1799 2319 1895 sphaerae
2368 1799 2584 1873 simul

490 1908 964 2007 undiquaque
998 1911 1307 1985 tendant
1343 1911 1437 1985 ad
1474 1922 1836 2000 centrum,
1875 1924 1949 1984 et
1992 1924 2077 1984 ut
2133 1912 2583 2007 hypotheses

494 2022 927 2114 Hobbianae,
976 2036 1150 2097 ante
1177 2023 1476 2121 quidem
1512 2025 1689 2097 satis
1721 2022 2163 2121 probabileS,
2200 2023 2377 2097 hinc
2412 2022 2582 2096 red-'

492 2134 761 2209 dantur
795 2136 1347 2233 probabiliores.

586 2249 685 2323 B.
740 2250 900 2324 Nec
945 2250 1162 2324 fateri
1208 2249 1488 2347 pudet;
1542 2274 1714 2323 nam
1779 2259 1890 2323 est
1948 2247 2226 2345 aliquid
2283 2247 2580 2389 prodire

488 2373 724 2453 tenus,
763 2364 825 2436 si
861 2389 1009 2437 non
1046 2364 1266 2438 datur
1298 2364 1515 2439 ultra.

587 2473 681 2549 A.
738 2477 938 2552 Quid
967 2486 1177 2550 tenus
1204 2482 1248 2551 2
1354 2480 1727 2553 Quorsum
1753 2487 2003 2550 autem
2055 2485 2306 2549 tantus
2355 2498 2582 2573 appa-

488 2599 693 2661 ratus
730 2601 806 2662 et
839 2603 1175 2687 sumptus
1210 2590 1716 2663 machinarum
1760 2589 1966 2663 factu
2017 2587 2444 2670 difficilium,
2497 2598 2582 2660 ut

488 2712 792 2774 eatenus
830 2713 1116 2776 tantum
1151 2703 1544 2800 prodiretis
1581 2717 1938 2799 quantum
1981 2715 2154 2774 ante
2202 2699 2583 2796 prodierat

492 2813 887 2887 Hobbius?
995 2815 1145 2888 Cur
1177 2840 1329 2888 non
1364 2815 1539 2889 iude
1573 2817 1815 2912 potius
1853 2813 2258 2912 incepistiS,
2292 2813 2418 2886 ubi
2453 2813 2578 2885 ille

490 2925 753 3000 desiit?
858 2927 1007 3001 Cur
1038 2927 1416 3025 principiis
1450 2930 1540 3001 ab
1577 2952 1665 3001 eo
1701 2929 1960 3025 positis
1988 2951 2138 3001 non
2182 2927 2359 2999 estis
2408 2926 2578 2999 usi?

490 3041 821 3138 Cumque
858 3041 1289 3115 Aristoteles
1329 3052 1532 3114 recte
1593 3041 1920 3130 dixisset,
1974 3041 2326 3140 ignorato
2383 3050 2581 3111 mot-u

486 3153 834 3253 ignorari
865 3164 1238 3244 naturam,
1287 3153 1654 3251 quomodo
1688 3165 1975 3228 tantum
2029 3155 2108 3226 in
2159 3176 2290 3225 vos
2350 3152 2580 3226 suscia-

484 3292 659 3365 pere
696 3291 881 3341 onus
917 3268 1075 3341 ausi
1122 3267 1319 3358 estiS‚
1352 3279 1428 3341 et
1481 3267 1766 3364 erigere
1816 3267 2196 3341 hominum
2252 3265 2580 3339 doctissi-

483 3404 797 3471 morum,
819 3405 971 3456 non
1004 3381 1228 3455 modo
1250 3382 1689 3455 nostratium
1724 3381 1851 3455 sed
1878 3382 2100 3454 etiam
2136 3390 2580 3468 exterorum,

488 3496 1079 3591 expectationem
1102 3495 1627 3591 promovendae
1649 3495 1995 3592 physicae,
2021 3494 2147 3591 qui
2171 3493 2582 3566 doctrinam

489 3607 589 3681 de
635 3623 841 3683 motu
888 3610 1375 3683 universalem
1424 3620 1499 3683 et
1546 3610 1916 3683 abstracte
1957 3606 2187 3705 (quod
2241 3606 2459 3680 facile
2506 3618 2583 3678 et

486 3722 1088 3797 mathematicum
1123 3725 1315 3818 erat)
1349 3722 1678 3796 nondum
1714 3721 2121 3795 statuistis?
2182 3719 2302 3793 Ad
2323 3743 2582 3793 causas

487 3844 733 3908 autem
766 3849 1073 3934 propter
1106 3861 1288 3934 quas
1323 3838 1683 3934 proficere
1710 3860 1805 3909 ne
1838 3836 2218 3933 paululum
2282 3832 2583 3930 quidem

487 3948 852 4043 potuisti&
914 3973 1051 4024 nec
1107 3951 1469 4047 poteritis,
1525 3950 1893 4024 accedunt
1954 3949 2175 4022 etiam
2231 3947 2441 4019 aliae:
2498 3957 2585 4017 ut

489 4060 739 4134 odium
796 4063 1096 4153 Hobbii,
1153 4064 1325 4160 quia
1382 4064 1689 4136 nimium
1748 4062 1975 4135 libere
2045 4061 2438 4156 scripserat
2492 4056 2584 4130 de

486 4174 905 4247 Academiis
958 4176 1388 4250 veritatem:
1461 4175 1662 4268 (nam
1715 4198 1807 4247 ex
1868 4198 1955 4247 eo
2014 4185 2344 4267 tempore
2412 4171 2586 4243 irati

486 4287 770 4385 physici
824 4298 902 4359 et
956 4288 1456 4361 mathematici
1492 4287 1879 4360 veritatem
1915 4286 2004 4358 ab
2044 4308 2130 4357 eo
2167 4283 2582 4355 venientem

488 4425 640 4475 non
687 4411 1112 4497 recepturos
1167 4426 1244 4476 se
1300 4401 1543 4499 palam
1596 4399 1905 4498 professi
1961 4408 2177 4472 sunt:
2233 4402 2278 4435 “
2310 4395 2587 4469 doctri-

692 4538 883 4590 vol..
916 4538 1032 4590 ιν.
2332 4532 2381 4582 'r
