3094 5125
603 371 748 437 246
1238 381 1344 431 nn
1385 380 1725 433 NATURA
1764 380 2039 431 Assms.

606 553 822 625 laeves
856 572 1005 621 non
1040 559 1371 642 possunt.
1504 547 1811 637 Deinde,
1847 547 1956 620 vis
1989 544 2138 635 illa,
2175 570 2340 641 quae
2389 546 2486 619 ad
2519 569 2684 618 suc-

609 680 843 739 torem
893 660 1387 734 revellendum
1453 659 1866 750 adhibetur,
1930 660 2321 732 cavitatem
2375 658 2692 755 cylindri

610 774 1138 872 aliquantulum
1181 773 1550 846 distendit.
1655 773 2055 861 PostremO,
2115 773 2177 844 si
2230 772 2307 844 in
2364 772 2688 846 confinio

615 889 921 961 duarum
992 887 1356 959 dictarum
1415 886 1962 982 superficierum
2026 885 2482 981 ingrediatur
2538 908 2693 957 una

613 1013 901 1075 tantum
936 1012 1223 1072 atomus
1257 999 1462 1088 dura,
1499 1023 1627 1071 aer
1658 1022 1886 1096 purus
1934 1022 2022 1070 ea
2058 999 2177 1071 via
2209 998 2693 1094 ingredietur,

617 1126 888 1187 conatu
944 1114 1406 1209 quantumvis
1463 1112 1707 1185 debili.
1811 1111 2151 1185 Poteram
2203 1113 2426 1185 etiam
2486 1135 2693 1184 com-

615 1240 909 1324 putasse
945 1249 1187 1299 aerem
1232 1226 1461 1315 illum,
1500 1227 1627 1322 qui
1677 1238 1982 1323 propter
2032 1225 2339 1299 eandem
2391 1249 2695 1299 causam

619 1341 1055 1413 insinuasset
1109 1363 1186 1412 se
1244 1363 1377 1435 per
1444 1339 1758 1435 cylindri
1817 1339 2205 1412 valvulam.
2311 1339 2692 1413 Sublatam

619 1478 794 1549 ergo
821 1452 1023 1526 vides
1058 1453 1655 1548 consequentiam
1689 1477 1734 1525 a
1766 1455 2212 1527 retractione
2247 1454 2561 1527 suctoris
2596 1450 2695 1524 ad

619 1568 862 1641 locum
943 1590 1276 1639 vacuum.
1417 1567 1910 1661 Sequuturum
1979 1567 2121 1639 hoc
2200 1590 2486 1663 quoque
2555 1577 2695 1652 est,

622 1704 864 1754 aerem
900 1680 1128 1767 illum,
1166 1680 1288 1776 qui
1337 1680 1559 1753 estin
1612 1681 1855 1753 locum
1889 1704 1934 1752 a
1984 1691 2274 1754 suctore
2325 1681 2696 1753 desertum

622 1793 994 1890 impulsuS,
1025 1794 1194 1890 quia
1240 1817 1507 1889 magna
1539 1793 1612 1865 vi
1665 1792 2015 1890 impulsus
2050 1805 2182 1884 est,
2229 1805 2435 1866 motu
2483 1791 2693 1867 valde

623 1908 840 1980 celeri
876 1918 952 1979 et
984 1931 1117 2001 per
1152 1906 1540 1979 circuitum
1592 1906 1785 1978 inter
1831 1929 2196 1978 summum
2234 1918 2310 1979 et
2344 1907 2570 1978 imum
2616 1906 2695 1977 in

625 2021 954 2117 cylindro
984 2021 1256 2093 moveri
1284 2051 1302 2104 ;
1338 2045 1502 2093 cum
1537 2020 1865 2092 nondum
1891 2020 1984 2092 sit
2013 2021 2210 2116 quod
2232 2033 2514 2093 motum
2535 2022 2694 2115 ejus

623 2135 856 2231 possit
890 2133 1293 2206 debilitare.
1399 2133 1557 2206 Scis
1603 2147 1850 2206 autem
1891 2133 2074 2206 nihil
2127 2158 2282 2207 esse
2317 2133 2514 2228 quod
2559 2130 2696 2205 sibi

625 2257 911 2319 motum
947 2256 1075 2317 aut
1108 2244 1463 2339 impertiri
1498 2244 1754 2339 possit,
1790 2256 1916 2317 aut
1952 2244 2377 2319 diminuere.

727 2360 825 2430 B.
878 2358 1054 2429 Esto
1088 2356 1293 2428 locus
1327 2355 1448 2428 ille
1497 2354 1795 2429 relictus
1844 2357 2126 2453 plenus,
2163 2371 2247 2432 ut
2288 2358 2493 2448 dicis,
2529 2380 2696 2430 aere

626 2493 833 2566 pum,
892 2467 970 2541 id
1037 2480 1172 2555 est,
1242 2491 1379 2562 ego
1444 2468 1910 2565 interpretor,
1983 2495 2289 2569 corpore
2358 2471 2694 2544 aethereo.

634 2581 835 2658 Quid
878 2582 1055 2676 jam,
1091 2581 1155 2653 si
1185 2605 1394 2653 versa
1427 2580 1783 2655 clavicula
1829 2586 2179 2659 transitus
2214 2586 2428 2658 detur
2462 2585 2613 2657 aeri
2657 2607 2696 2656 e

631 2694 1031 2790 recipiente
1116 2694 1193 2767 in
1279 2695 1687 2790 subjectum
1774 2697 2206 2792 cylindrum,
2269 2712 2698 2773 eventurum

632 2806 898 2905 putas?

738 2921 835 2993 A.
890 2919 1323 2992 Permistum
1351 2919 1440 2992 iri
1465 2932 1647 3017 puto
1683 2946 1923 2995 aerem
1952 2934 2367 3023 utrumque,
2396 2939 2472 2999 et
2499 2937 2698 2998 motu

636 3033 892 3105 eodem
929 3032 1375 3106 circumferri
1412 3034 1486 3106 in
1524 3047 1837 3132 utroque
1877 3061 2069 3126 vase,
2122 3040 2337 3112 celeri
2388 3039 2695 3135 quidem,

638 3146 766 3218 sed
820 3158 1027 3219 tanto
1082 3149 1605 3242 *temperatiore
1663 3172 1882 3243 quam
1934 3165 2128 3242 ante,
2191 3167 2465 3248 quanto
2511 3153 2698 3226 idem

638 3268 880 3331 motus
914 3261 1171 3355 majori
1207 3261 1599 3354 quantitati
1634 3262 1820 3334 aeris
1854 3267 2457 3340 communicatur.

744 3371 841 3443 B.
895 3371 1454 3445 observavimus
1496 3386 1768 3464 autem,
1820 3399 2031 3449 versa
2083 3378 2456 3468 clavicula,
2511 3380 2697 3453 soni-

642 3494 796 3554 tum
866 3484 1026 3555 fieri
1092 3487 1299 3580 quasi
1367 3487 1555 3559 aeris
1610 3511 1652 3560 e
1711 3489 2109 3585 recipiente
2164 3493 2238 3565 in
2300 3492 2697 3589 cylindrum

641 3597 1130 3693 irrumpentis.

740 3709 836 3782 A.
896 3709 1170 3782 Mirum
1204 3712 1346 3784 hoc
1382 3736 1531 3785 non
1567 3726 1698 3800 est,
1724 3727 2024 3812 propter
2053 3719 2240 3791 aeris
2267 3719 2344 3792 in
2377 3719 2696 3815 cylindro

640 3848 810 3896 cum
869 3847 1035 3896 aere
1092 3825 1506 3919 recipientis
1566 3827 2037 3904 collisionem.
2142 3832 2289 3906 Sed
2346 3833 2698 3929 quomodo

642 3938 801 4011 haec
839 3939 1216 4034 explicatis
1252 3964 1379 4012 vos
1409 3940 1435 4010 ?

745 4052 842 4124 B.
898 4053 1188 4148 Duplici
1226 4052 1467 4126 modo.
1572 4054 1813 4129 Primo
1851 4070 1927 4129 et
1968 4060 2256 4153 potiori,
2294 4062 2420 4133 sic.
2527 4062 2698 4157 Sup-

641 4165 978 4257 ponimus
1014 4167 1189 4254 aeri,
1219 4165 1292 4237 in
1332 4189 1474 4260 quo
1510 4167 1844 4258 vivimuS,
1874 4172 2108 4244 inesse
2134 4173 2280 4245 vim
2318 4174 2695 4262 elasticam,

642 4276 720 4348 id
744 4289 877 4367 est,
907 4303 1148 4352 aerem
1183 4281 1511 4376 partibus
1547 4293 1882 4357 constare
1911 4284 2024 4358 vel
2055 4287 2314 4360 saltem
2340 4287 2695 4361 abundare
