3094 5125
667 493 1518 549 PROPORTIONALIBUS
1560 496 1653 547 m
1697 496 2064 548 GENERE.
2261 479 2408 558 479

326 658 498 750 Sed,
553 673 860 757 propter
918 662 1271 759 angulum
1320 662 1476 759 Cyn
1515 676 1802 740 rectum
1862 666 2176 739 divisum
2229 665 2418 738 bifa-
2483 690 2817 731 APPEme.

323 773 511 848 riam
567 773 659 846 ab
709 775 850 872 Ry,
886 787 1094 849 recta
1126 776 1233 853 Ca
1280 775 1506 874 dupla
1553 790 1663 853 est
1713 790 1936 853 rectae
1974 778 2132 868 CR,
2168 778 2247 851 id
2281 790 2415 868 est,
2499 761 2785 796 ‘'q—²

322 897 548 961 rectae
585 887 747 961 DO.

436 998 710 1073 Coroll.
748 1002 799 1074 i.
854 1002 1226 1077 Quoniam
1261 1003 1400 1077 DV
1437 1016 1554 1078 est
1605 1004 1925 1078 semissis
1977 1004 2228 1078 lateris
2270 1004 2421 1094 BC,

325 1125 407 1187 et
440 1114 576 1187 DO
624 1114 944 1188 semissis
1002 1115 1375 1212 adjunctae
1422 1117 1542 1208 08,
1607 1130 1683 1191 et
1739 1118 1962 1191 ducta
1997 1116 2109 1191 As
2160 1118 2425 1191 transit

331 1225 450 1318 (ut
503 1251 729 1324 supra
789 1240 1167 1302 ostensum
1220 1230 1362 1320 est)
1427 1254 1563 1325 per
1599 1231 1723 1314 X;
1778 1231 1919 1303 erit
1965 1230 2154 1303 ratio
2192 1228 2297 1302 Βδ
2329 1229 2427 1304 ad

324 1339 475 1412 DX
534 1340 910 1438 duplicata
969 1343 1277 1417 rationis
1312 1343 1456 1417 AD
1508 1344 1606 1417 ad
1641 1342 1815 1418 DX.
1921 1344 2174 1419 Quare
2233 1344 2423 1418 ratio

324 1453 486 1539 OV,
521 1454 672 1527 sive
712 1454 832 1527 Db
874 1454 1223 1547 (semissis
1258 1458 1486 1553 ipsius
1512 1456 1677 1551 Βδ),
1715 1456 1809 1530 ad
1838 1456 1971 1530 DF
2015 1458 2425 1548 (semissem

322 1566 555 1663 ipsius
589 1566 795 1660 AD),
839 1567 1212 1664 duplicata
1271 1571 1415 1644 erit
1469 1570 1775 1644 rationis
1825 1569 1968 1643 AD
2004 1569 2101 1642 ad
2136 1569 2309 1660 DX,
2347 1570 2425 1643 id

324 1692 462 1770 est,
500 1680 759 1754 eadem
796 1681 989 1755 ratio
1026 1706 1245 1777 quam
1279 1683 1504 1757 habet
1538 1682 1670 1758 DC
1708 1684 1804 1756 ad
1827 1683 1996 1755 DX.
2103 1683 2210 1755 Ut
2245 1707 2423 1779 ergo

325 1794 462 1867 DC
496 1794 593 1867 ad
627 1793 802 1882 DX,
837 1795 943 1868 ita
976 1808 1089 1869 est
1132 1796 1266 1870 OV
1302 1798 1454 1870 sive
1490 1796 1611 1870 Db
1635 1796 1731 1870 ad
1762 1795 1919 1870 DF.
2021 1795 2211 1869 Sunt
2245 1820 2422 1893 ergo

327 1931 584 1982 rursus
622 1906 779 1997 DC,
819 1907 960 1999 Dh,
989 1908 1123 1981 DF
1159 1912 1511 1984 continue
1543 1910 2155 2006 proportionales.

437 2020 715 2094 Coroll.
751 2021 827 2094 ii.
878 2022 924 2094 J
929 2034 1249 2119 ungatur
1299 2048 1436 2122 gy,
1493 2023 2090 2119 producaturque
2144 2021 2239 2095 ad
2295 2023 2424 2096 Rc

327 2135 409 2209 in
443 2169 512 2233 γ.
621 2133 989 2209 Quoniam
1022 2160 1199 2232 ergo
1236 2136 1358 2234 Ay
1384 2137 1610 2234 dupla
1641 2147 1755 2210 est
1791 2137 1936 2234 Ag,
1960 2137 2102 2210 erit
2135 2159 2424 2232 quoque

337 2249 673 2345 (propter
740 2249 1296 2323 similitudinem
1363 2250 1905 2346 triangulorum
1966 2248 2170 2347 Ayg,
2230 2250 2419 2347 ny)

329 2373 537 2435 recta
569 2361 683 2458 yC
717 2361 943 2456 dupla
977 2363 1112 2460 Cy.
1217 2364 1480 2460 Itaque
1517 2364 1650 2462 Cy,
1686 2361 1821 2436 Bm
1859 2375 2034 2436 sunt
2069 2363 2425 2459 aequales:

330 2488 409 2549 et
444 2476 576 2565 By,
614 2499 775 2572 quae
823 2485 938 2548 est
993 2475 1410 2550 differentia
1457 2478 1654 2551 inter
1690 2476 1822 2551 CR
1855 2489 1933 2551 et
1969 2477 2094 2566 Cy,
2129 2475 2427 2572 aequalis

332 2588 766 2663 differentiae
799 2589 995 2663 inter
1042 2590 1428 2664 dimidium
1461 2592 1715 2665 lateris
1751 2603 1828 2665 et
1864 2602 2292 2687 tangentem
2330 2598 2426 2664 30

332 2701 723 2797 graduum.

440 2813 719 2887 Coroll.
754 2814 855 2886 iii.
944 2813 1189 2912 Dupla
1239 2842 1332 2913 ry
1382 2816 1681 2913 aequalis
1750 2829 1865 2889 est
1932 2815 2271 2913 tangenti
2332 2822 2428 2888 30

332 2925 720 3111 gradtzum,
772 2950 1040 3023 nempe
1108 2940 1333 3002 rectae
1395 2929 1525 3004 Ca.
1656 2929 1850 3002 Nam
1912 2929 2053 3026 Ry,
2112 2952 2209 3025 yr
2255 2941 2428 3001 sunt

333 3063 546 3136 aequa
576 3063 674 3112 es.

441 3152 723 3226 Coroll.
760 3153 856 3227 iv.
922 3152 1256 3227 Semissis
1315 3153 1927 3227 circumferentiae
1982 3155 2238 3227 circuli
2301 3153 2429 3227 de-

335 3267 592 3364 scripti
626 3292 671 3340 a
696 3290 803 3366 gr
838 3267 1253 3358 semiradio,
1290 3268 1589 3364 aequalis
1625 3278 1739 3340 est
1787 3267 2139 3341 lateribus
2173 3268 2428 3340 ambo-

332 3381 469 3455 bus
524 3380 882 3454 cuborum
938 3404 1255 3476 quorum
1299 3404 1505 3454 unus
1543 3380 2194 3470 circumscribitur,
2242 3380 2429 3453 alter

335 3494 762 3568 inscribitur
797 3493 1035 3567 eidem
1072 3494 1377 3590 sphaerae
1411 3494 1489 3566 in
1526 3517 1672 3589 qua
1713 3492 2075 3567 maximus
2111 3493 2429 3567 circulus

336 3619 448 3681 est
502 3608 629 3704 qui
677 3607 1118 3681 describitur
1174 3606 1383 3680 radio
1432 3630 1539 3705 gr
1601 3607 1886 3680 semissi
1950 3608 2202 3681 lateris
2238 3604 2425 3690 AB;

336 3720 537 3818 quod
570 3721 675 3793 sic
710 3721 1041 3796 ostendo.
1150 3721 1229 3794 Si
1276 3720 1353 3793 in
1405 3719 1935 3816 quadratorum
1972 3744 2227 3794 eorum
2264 3742 2430 3814 quae

337 3834 508 3908 cubi
532 3833 742 3907 bases
778 3847 974 3926 sunt,
1002 3859 1154 3909 uno
1190 3857 1630 3931 quocunque
1658 3834 1972 3909 ducatur
1995 3832 2427 3930 diagonalis,

338 3947 480 4020 erit
514 3946 952 4042 quadratum
988 3949 1144 4044 ejus
1181 3947 1486 4043 duplum
1512 3948 1854 4043 quadrati
1890 3973 1936 4021 a
1970 3947 2198 4020 latere
2235 3947 2428 4020 cubi.

338 4061 620 4134 Rursus
655 4060 716 4133 si
753 4061 830 4132 in
866 4062 1180 4134 termino
1217 4061 1578 4134 alterutro
1614 4061 1807 4135 illius
1846 4060 2253 4157 diagonalis
2288 4061 2428 4133 eri-

336 4185 558 4269 gatur
591 4172 1213 4269 perpendicularis
1233 4174 1531 4272 aequalis
1562 4175 1733 4248 cubi
1766 4174 2002 4260 lateri,
2029 4185 2233 4247 recta
2265 4198 2429 4271 quae

339 4285 716 4361 subtendit
769 4285 1253 4381 diagonalem,
1291 4298 1367 4362 et
1398 4287 1593 4363 latus
1628 4288 1811 4362 illud
1846 4288 2015 4363 cubi
2072 4299 2428 4377 erectum,
