<?xml version="1.0" encoding="UTF-8"?>
<!DOCTYPE html PUBLIC "-//W3C//DTD XHTML 1.0 Transitional//EN"
    "http://www.w3.org/TR/xhtml1/DTD/xhtml1-transitional.dtd">
<html xmlns="http://www.w3.org/1999/xhtml" xml:lang="en" lang="en">
 <head>
  <title>
</title>
<meta http-equiv="Content-Type" content="text/html;charset=utf-8" />
  <meta name='ocr-system' content='tesseract 3.04.00' />
  <meta name='ocr-capabilities' content='ocr_page ocr_carea ocr_par ocr_line ocrx_word'/>
</head>
<body>
  <div class='ocr_page' id='page_1' title='image "./thomhobbesmalme02molegoog_0053.png"; bbox 0 0 3094 5125; ppageno 0'>
   <div class='ocr_carea' id='block_1_1' title="bbox 821 509 2442 572">
    <p class='ocr_par' dir='ltr' id='par_1_1' title="bbox 821 509 2442 572">
     <span class='ocr_line' id='line_1_1' title="bbox 821 509 2442 572; baseline 0.001 -2"><span class='ocrx_word' id='word_1_1' title='bbox 821 519 1458 571; x_wconf 72' lang='lat' dir='ltr'>MATRRMA&#39;rlcAE</span> <span class='ocrx_word' id='word_1_2' title='bbox 1498 520 1989 572; x_wconf 75' lang='lat' dir='ltr'>nomn-RNAE.</span> <span class='ocrx_word' id='word_1_3' title='bbox 2355 509 2442 572; x_wconf 79' lang='lat'>41</span> 
     </span>
    </p>
   </div>
   <div class='ocr_carea' id='block_1_2' title="bbox 288 686 2836 4524">
    <p class='ocr_par' dir='ltr' id='par_1_2' title="bbox 288 686 2836 898">
     <span class='ocr_line' id='line_1_2' title="bbox 288 686 2836 781; baseline -0.001 -23"><span class='ocrx_word' id='word_1_4' title='bbox 288 709 449 781; x_wconf 85' lang='lat' dir='ltr'>que</span> <span class='ocrx_word' id='word_1_5' title='bbox 485 709 677 759; x_wconf 85' lang='lat' dir='ltr'>esse</span> <span class='ocrx_word' id='word_1_6' title='bbox 718 710 1011 779; x_wconf 83' lang='lat' dir='ltr'>veram,</span> <span class='ocrx_word' id='word_1_7' title='bbox 1059 711 1305 760; x_wconf 89' lang='lat' dir='ltr'>nonne</span> <span class='ocrx_word' id='word_1_8' title='bbox 1342 686 1559 760; x_wconf 83' lang='lat' dir='ltr'>simul</span> <span class='ocrx_word' id='word_1_9' title='bbox 1594 686 2050 760; x_wconf 89' lang='lat' dir='ltr'>demonstrat</span> <span class='ocrx_word' id='word_1_10' title='bbox 2081 696 2241 759; x_wconf 89' lang='lat' dir='ltr'>tum</span> <span class='ocrx_word' id='word_1_11' title='bbox 2277 711 2453 760; x_wconf 88' lang='lat' dir='ltr'>con·</span> <span class='ocrx_word' id='word_1_12' title='bbox 2533 715 2836 757; x_wconf 55' lang='lat' dir='ltr'>mancus</span> 
     </span>
     <span class='ocr_line' id='line_1_3' title="bbox 302 798 2820 898; baseline 0 -25"><span class='ocrx_word' id='word_1_13' title='bbox 302 800 642 874; x_wconf 81' lang='lat' dir='ltr'>trariam</span> <span class='ocrx_word' id='word_1_14' title='bbox 679 812 862 873; x_wconf 89' lang='lat' dir='ltr'>tum</span> <span class='ocrx_word' id='word_1_15' title='bbox 896 801 1546 876; x_wconf 83' lang='lat' dir='ltr'><strong>contradictoriam</strong></span> <span class='ocrx_word' id='word_1_16' title='bbox 1583 801 1740 898; x_wconf 86' lang='lat' dir='ltr'>ejus</span> <span class='ocrx_word' id='word_1_17' title='bbox 1774 825 1935 876; x_wconf 88' lang='lat' dir='ltr'>esse</span> <span class='ocrx_word' id='word_1_18' title='bbox 1969 801 2284 875; x_wconf 76' lang='lat' dir='ltr'>falsam?</span> <span class='ocrx_word' id='word_1_19' title='bbox 2658 798 2698 837; x_wconf 88' lang='lat'>¹·</span> <span class='ocrx_word' id='word_1_20' title='bbox 2811 865 2820 879; x_wconf 86' lang='lat'>,</span> 
     </span>
    </p>

    <p class='ocr_par' dir='ltr' id='par_1_3' title="bbox 429 911 1198 1010">
     <span class='ocr_line' id='line_1_4' title="bbox 429 911 1198 1010; baseline 0.007 -27"><span class='ocrx_word' id='word_1_21' title='bbox 429 911 529 986; x_wconf 92' lang='grc' dir='ltr'>Β.</span> <span class='ocrx_word' id='word_1_22' title='bbox 584 914 915 1010; x_wconf 85' lang='lat' dir='ltr'>Absque</span> <span class='ocrx_word' id='word_1_23' title='bbox 950 913 1198 988; x_wconf 90' lang='lat' dir='ltr'>dubio.</span> 
     </span>
    </p>

    <p class='ocr_par' dir='ltr' id='par_1_4' title="bbox 345 1024 2461 1465">
     <span class='ocr_line' id='line_1_5' title="bbox 439 1024 2461 1125; baseline 0 -26"><span class='ocrx_word' id='word_1_24' title='bbox 439 1024 537 1100; x_wconf 85' lang='lat' dir='ltr'>A.</span> <span class='ocrx_word' id='word_1_25' title='bbox 594 1026 685 1100; x_wconf 72' lang='lat' dir='ltr'>Si</span> <span class='ocrx_word' id='word_1_26' title='bbox 719 1025 957 1122; x_wconf 85' lang='lat' dir='ltr'>igitur</span> <span class='ocrx_word' id='word_1_27' title='bbox 988 1029 1398 1125; x_wconf 84' lang='lat' dir='ltr'>propositio</span> <span class='ocrx_word' id='word_1_28' title='bbox 1443 1027 1606 1122; x_wconf 90' lang='lat' dir='ltr'>ipsa</span> <span class='ocrx_word' id='word_1_29' title='bbox 1639 1026 2147 1100; x_wconf 85' lang='lat' dir='ltr'>demonstrata</span> <span class='ocrx_word' id='word_1_30' title='bbox 2194 1027 2292 1100; x_wconf 90' lang='lat' dir='ltr'>sit</span> <span class='ocrx_word' id='word_1_31' title='bbox 2326 1051 2461 1124; x_wconf 90' lang='lat' dir='ltr'>per</span> 
     </span>
     <span class='ocr_line' id='line_1_6' title="bbox 345 1139 2457 1237; baseline 0 -24"><span class='ocrx_word' id='word_1_32' title='bbox 345 1140 1074 1214; x_wconf 83' lang='lat' dir='ltr'>demonstrationem</span> <span class='ocrx_word' id='word_1_33' title='bbox 1106 1160 1204 1214; x_wconf 67' lang='grc' dir='ltr'>τοῦ</span> <span class='ocrx_word' id='word_1_34' title='bbox 1233 1153 1387 1226; x_wconf 70' lang='grc' dir='ltr'><em>διότι,</em></span> <span class='ocrx_word' id='word_1_35' title='bbox 1427 1139 1652 1213; x_wconf 89' lang='lat' dir='ltr'>etiam</span> <span class='ocrx_word' id='word_1_36' title='bbox 1672 1140 2251 1214; x_wconf 85' lang='lat' dir='ltr'>contradictoria</span> <span class='ocrx_word' id='word_1_37' title='bbox 2275 1144 2457 1237; x_wconf 89' lang='lat' dir='ltr'>ejus,</span> 
     </span>
     <span class='ocr_line' id='line_1_7' title="bbox 345 1253 2461 1350; baseline 0.001 -23"><span class='ocrx_word' id='word_1_38' title='bbox 345 1278 438 1327; x_wconf 91' lang='lat' dir='ltr'>eo</span> <span class='ocrx_word' id='word_1_39' title='bbox 469 1253 643 1350; x_wconf 91' lang='lat' dir='ltr'>ipso</span> <span class='ocrx_word' id='word_1_40' title='bbox 680 1253 887 1349; x_wconf 89' lang='lat' dir='ltr'>quod</span> <span class='ocrx_word' id='word_1_41' title='bbox 920 1253 1413 1328; x_wconf 85' lang='lat' dir='ltr'>contradictio</span> <span class='ocrx_word' id='word_1_42' title='bbox 1462 1253 1861 1349; x_wconf 87' lang='lat' dir='ltr'>detegitur,</span> <span class='ocrx_word' id='word_1_43' title='bbox 1910 1253 2461 1329; x_wconf 88' lang='lat' dir='ltr'>demonstratur</span> 
     </span>
     <span class='ocr_line' id='line_1_8' title="bbox 347 1367 1551 1465; baseline -0.002 -25"><span class='ocrx_word' id='word_1_44' title='bbox 347 1391 488 1465; x_wconf 89' lang='lat' dir='ltr'>per</span> <span class='ocrx_word' id='word_1_45' title='bbox 522 1367 1233 1441; x_wconf 82' lang='lat' dir='ltr'>demonstrationem</span> <span class='ocrx_word' id='word_1_46' title='bbox 1268 1385 1371 1438; x_wconf 70' lang='grc' dir='ltr'>τοῦ</span> <span class='ocrx_word' id='word_1_47' title='bbox 1397 1378 1551 1439; x_wconf 68' lang='grc' dir='ltr'>διότι.</span> 
     </span>
    </p>

    <p class='ocr_par' dir='ltr' id='par_1_5' title="bbox 455 1479 1053 1554">
     <span class='ocr_line' id='line_1_9' title="bbox 455 1479 1053 1554; baseline 0.002 -3"><span class='ocrx_word' id='word_1_48' title='bbox 455 1479 557 1554; x_wconf 91' lang='grc' dir='ltr'>Β.</span> <span class='ocrx_word' id='word_1_49' title='bbox 611 1480 734 1552; x_wconf 89' lang='lat' dir='ltr'>Ita</span> <span class='ocrx_word' id='word_1_50' title='bbox 767 1502 1053 1553; x_wconf 89' lang='lat' dir='ltr'>censeo.</span> 
     </span>
    </p>

    <p class='ocr_par' dir='ltr' id='par_1_6' title="bbox 355 1591 2465 2464">
     <span class='ocr_line' id='line_1_10' title="bbox 461 1591 2460 1668; baseline 0.001 -1"><span class='ocrx_word' id='word_1_51' title='bbox 461 1594 567 1667; x_wconf 98' lang='lat' dir='ltr'>A.</span> <span class='ocrx_word' id='word_1_52' title='bbox 623 1591 971 1666; x_wconf 82' lang='lat' dir='ltr'>Secunda</span> <span class='ocrx_word' id='word_1_53' title='bbox 1032 1592 1586 1667; x_wconf 70' lang='lat' dir='ltr'>demonstrandi</span> <span class='ocrx_word' id='word_1_54' title='bbox 1652 1595 1861 1668; x_wconf 82' lang='lat' dir='ltr'>ratio</span> <span class='ocrx_word' id='word_1_55' title='bbox 1919 1603 2034 1667; x_wconf 70' lang='lat' dir='ltr'>est</span> <span class='ocrx_word' id='word_1_56' title='bbox 2091 1595 2460 1668; x_wconf 69' lang='lat' dir='ltr'>ostensiva</span> 
     </span>
     <span class='ocr_line' id='line_1_11' title="bbox 355 1706 2463 1807; baseline 0.001 -27"><span class='ocrx_word' id='word_1_57' title='bbox 355 1729 459 1780; x_wconf 67' lang='lat' dir='ltr'>rof»</span> <span class='ocrx_word' id='word_1_58' title='bbox 486 1722 613 1792; x_wconf 74' lang='grc' dir='ltr'>ὄη;</span> <span class='ocrx_word' id='word_1_59' title='bbox 662 1716 747 1779; x_wconf 82' lang='lat' dir='ltr'>ut</span> <span class='ocrx_word' id='word_1_60' title='bbox 769 1706 841 1778; x_wconf 72' lang='lat' dir='ltr'>si</span> <span class='ocrx_word' id='word_1_61' title='bbox 864 1716 1081 1780; x_wconf 82' lang='lat' dir='ltr'>recta</span> <span class='ocrx_word' id='word_1_62' title='bbox 1106 1708 1173 1781; x_wconf 92' lang='lat' dir='ltr'>A</span> <span class='ocrx_word' id='word_1_63' title='bbox 1187 1707 1248 1781; x_wconf 94' lang='grc' dir='ltr'>Ο</span> <span class='ocrx_word' id='word_1_64' title='bbox 1273 1707 1918 1782; x_wconf 71' lang='lat' dir='ltr'>demonstraretur</span> <span class='ocrx_word' id='word_1_65' title='bbox 1943 1707 2254 1807; x_wconf 73' lang='lat' dir='ltr'>cequalis</span> <span class='ocrx_word' id='word_1_66' title='bbox 2296 1734 2463 1782; x_wconf 70' lang='lat' dir='ltr'>esse</span> 
     </span>
     <span class='ocr_line' id='line_1_12' title="bbox 358 1823 2460 1922; baseline 0 -25"><span class='ocrx_word' id='word_1_67' title='bbox 358 1834 591 1899; x_wconf 81' lang='lat' dir='ltr'>rectoe</span> <span class='ocrx_word' id='word_1_68' title='bbox 644 1824 707 1896; x_wconf 98' lang='grc' dir='ltr'>Β</span> <span class='ocrx_word' id='word_1_69' title='bbox 723 1823 807 1913; x_wconf 90' lang='grc' dir='ltr'>Ο,</span> <span class='ocrx_word' id='word_1_70' title='bbox 865 1824 1212 1922; x_wconf 79' lang='lat' dir='ltr'>quoniam</span> <span class='ocrx_word' id='word_1_71' title='bbox 1266 1835 1586 1922; x_wconf 78' lang='lat' dir='ltr'>utraque</span> <span class='ocrx_word' id='word_1_72' title='bbox 1656 1826 2164 1899; x_wconf 69' lang='lat' dir='ltr'>demonstrata</span> <span class='ocrx_word' id='word_1_73' title='bbox 2178 1825 2460 1921; x_wconf 79' lang='lat' dir='ltr'>suerat</span> 
     </span>
     <span class='ocr_line' id='line_1_13' title="bbox 362 1936 2459 2036; baseline -0.001 -25"><span class='ocrx_word' id='word_1_74' title='bbox 362 1936 673 2036; x_wconf 73' lang='lat' dir='ltr'>‹equali-5·</span> <span class='ocrx_word' id='word_1_75' title='bbox 708 1937 863 2036; x_wconf 70' lang='lat' dir='ltr'>ipsi</span> <span class='ocrx_word' id='word_1_76' title='bbox 894 1938 1086 2022; x_wconf 86' lang='lat' dir='ltr'>AB;</span> <span class='ocrx_word' id='word_1_77' title='bbox 1141 1963 1302 2035; x_wconf 83' lang='lat' dir='ltr'>quoe</span> <span class='ocrx_word' id='word_1_78' title='bbox 1335 1948 1581 2011; x_wconf 83' lang='lat' dir='ltr'>autem</span> <span class='ocrx_word' id='word_1_79' title='bbox 1625 1948 1795 2011; x_wconf 70' lang='lat' dir='ltr'>sunt</span> <span class='ocrx_word' id='word_1_80' title='bbox 1844 1938 2081 2010; x_wconf 80' lang='lat' dir='ltr'>eidem</span> <span class='ocrx_word' id='word_1_81' title='bbox 2114 1938 2459 2033; x_wconf 64' lang='lat' dir='ltr'>aequalia,</span> 
     </span>
     <span class='ocr_line' id='line_1_14' title="bbox 360 2050 2461 2146; baseline -0.001 -22"><span class='ocrx_word' id='word_1_82' title='bbox 360 2062 536 2124; x_wconf 72' lang='lat' dir='ltr'>sunt</span> <span class='ocrx_word' id='word_1_83' title='bbox 556 2059 638 2124; x_wconf 81' lang='lat' dir='ltr'>et</span> <span class='ocrx_word' id='word_1_84' title='bbox 657 2050 977 2146; x_wconf 71' lang='lat' dir='ltr'>aequalia</span> <span class='ocrx_word' id='word_1_85' title='bbox 997 2051 1193 2124; x_wconf 79' lang='lat' dir='ltr'>inter</span> <span class='ocrx_word' id='word_1_86' title='bbox 1211 2073 1318 2124; x_wconf 73' lang='lat' dir='ltr'>se.</span> <span class='ocrx_word' id='word_1_87' title='bbox 1422 2051 1715 2146; x_wconf 71' lang='lat' dir='ltr'>Estque</span> <span class='ocrx_word' id='word_1_88' title='bbox 1737 2052 1898 2123; x_wconf 83' lang='lat' dir='ltr'>lzaec</span> <span class='ocrx_word' id='word_1_89' title='bbox 1921 2050 2461 2123; x_wconf 67' lang='lat' dir='ltr'>demonstratio</span> 
     </span>
     <span class='ocr_line' id='line_1_15' title="bbox 364 2161 2463 2261; baseline -0.001 -24"><span class='ocrx_word' id='word_1_90' title='bbox 364 2163 655 2261; x_wconf 77' lang='lat' dir='ltr'>quidem</span> <span class='ocrx_word' id='word_1_91' title='bbox 674 2164 1047 2237; x_wconf 70' lang='lat' dir='ltr'>ostensiva</span> <span class='ocrx_word' id='word_1_92' title='bbox 1065 2180 1162 2235; x_wconf 73' lang='grc' dir='ltr'>τοῦ</span> <span class='ocrx_word' id='word_1_93' title='bbox 1194 2177 1296 2243; x_wconf 74' lang='grc' dir='ltr'>ὅτ,</span> <span class='ocrx_word' id='word_1_94' title='bbox 1316 2175 1793 2237; x_wconf 72' lang='lat' dir='ltr'>nouantemro</span> <span class='ocrx_word' id='word_1_95' title='bbox 1795 2175 1895 2234; x_wconf 77' lang='grc' dir='ltr'>ῦδ</span> <span class='ocrx_word' id='word_1_96' title='bbox 1896 2179 1974 2234; x_wconf 62' lang='grc' dir='ltr'>όν</span> <span class='ocrx_word' id='word_1_97' title='bbox 1978 2161 2236 2236; x_wconf 83' lang='lat' dir='ltr'>—Dic</span> <span class='ocrx_word' id='word_1_98' title='bbox 2257 2162 2463 2253; x_wconf 90' lang='lat' dir='ltr'>mihi,</span> 
     </span>
     <span class='ocr_line' id='line_1_16' title="bbox 366 2274 2465 2374; baseline -0.001 -23"><span class='ocrx_word' id='word_1_99' title='bbox 366 2278 430 2351; x_wconf 93' lang='lat' dir='ltr'>si</span> <span class='ocrx_word' id='word_1_100' title='bbox 471 2278 620 2351; x_wconf 89' lang='grc' dir='ltr'>ΑΟ</span> <span class='ocrx_word' id='word_1_101' title='bbox 668 2276 1307 2351; x_wconf 87' lang='lat' dir='ltr'>demonstraretur</span> <span class='ocrx_word' id='word_1_102' title='bbox 1365 2279 1666 2374; x_wconf 83' lang='lat' dir='ltr'>aequalis</span> <span class='ocrx_word' id='word_1_103' title='bbox 1725 2300 1884 2351; x_wconf 90' lang='lat' dir='ltr'>esse</span> <span class='ocrx_word' id='word_1_104' title='bbox 1928 2277 2086 2367; x_wconf 88' lang='grc' dir='ltr'>ΒΟ,</span> <span class='ocrx_word' id='word_1_105' title='bbox 2142 2300 2238 2349; x_wconf 91' lang='lat' dir='ltr'>an</span> <span class='ocrx_word' id='word_1_106' title='bbox 2295 2274 2465 2348; x_wconf 92' lang='lat' dir='ltr'>ideo</span> 
     </span>
     <span class='ocr_line' id='line_1_17' title="bbox 368 2388 1191 2464; baseline -0.004 0"><span class='ocrx_word' id='word_1_107' title='bbox 368 2403 565 2464; x_wconf 60' lang='lat' dir='ltr'>esset</span> <span class='ocrx_word' id='word_1_108' title='bbox 599 2388 1187 2462; x_wconf 85' lang='lat' dir='ltr'>demonstratio</span> <span class='ocrx_word' id='word_1_109' title='bbox 1165 2412 1191 2460; x_wconf 77' lang='lat' dir='ltr'>r</span> 
     </span>
    </p>

    <p class='ocr_par' dir='ltr' id='par_1_7' title="bbox 371 2500 2464 2692">
     <span class='ocr_line' id='line_1_18' title="bbox 469 2500 2464 2600; baseline 0.001 -25"><span class='ocrx_word' id='word_1_110' title='bbox 469 2502 567 2578; x_wconf 91' lang='lat' dir='ltr'>B.</span> <span class='ocrx_word' id='word_1_111' title='bbox 620 2502 911 2577; x_wconf 87' lang='lat' dir='ltr'>Videris</span> <span class='ocrx_word' id='word_1_112' title='bbox 944 2503 1125 2577; x_wconf 91' lang='lat' dir='ltr'>mihi</span> <span class='ocrx_word' id='word_1_113' title='bbox 1155 2525 1486 2600; x_wconf 77' lang='lat' dir='ltr'>quaerere</span> <span class='ocrx_word' id='word_1_114' title='bbox 1521 2528 1617 2577; x_wconf 90' lang='lat' dir='ltr'>an</span> <span class='ocrx_word' id='word_1_115' title='bbox 1644 2502 2174 2578; x_wconf 84' lang='lat' dir='ltr'>demonstratio</span> <span class='ocrx_word' id='word_1_116' title='bbox 2209 2501 2306 2576; x_wconf 90' lang='lat' dir='ltr'>sit</span> <span class='ocrx_word' id='word_1_117' title='bbox 2339 2500 2464 2576; x_wconf 88' lang='lat' dir='ltr'>de·-</span> 
     </span>
     <span class='ocr_line' id='line_1_19' title="bbox 371 2619 837 2692; baseline -0.004 -1"><span class='ocrx_word' id='word_1_118' title='bbox 371 2619 837 2692; x_wconf 87' lang='lat' dir='ltr'>monstratio.</span> 
     </span>
    </p>

    <p class='ocr_par' dir='ltr' id='par_1_8' title="bbox 473 2730 2070 2819">
     <span class='ocr_line' id='line_1_20' title="bbox 473 2730 2070 2819; baseline 0 -16"><span class='ocrx_word' id='word_1_119' title='bbox 473 2733 576 2804; x_wconf 88' lang='lat' dir='ltr'>A.</span> <span class='ocrx_word' id='word_1_120' title='bbox 632 2731 712 2804; x_wconf 85' lang='lat' dir='ltr'>Si</span> <span class='ocrx_word' id='word_1_121' title='bbox 747 2730 1282 2804; x_wconf 84' lang='lat' dir='ltr'>demonstratio</span> <span class='ocrx_word' id='word_1_122' title='bbox 1318 2742 1454 2819; x_wconf 89' lang='lat' dir='ltr'>est,</span> <span class='ocrx_word' id='word_1_123' title='bbox 1491 2731 1899 2804; x_wconf 75' lang='lat' dir='ltr'>scientifica</span> <span class='ocrx_word' id='word_1_124' title='bbox 1932 2742 2070 2803; x_wconf 89' lang='lat' dir='ltr'>est.</span> 
     </span>
    </p>

    <p class='ocr_par' dir='ltr' id='par_1_9' title="bbox 474 2844 885 2916">
     <span class='ocr_line' id='line_1_21' title="bbox 474 2844 885 2916; baseline 0 0"><span class='ocrx_word' id='word_1_125' title='bbox 474 2845 577 2916; x_wconf 92' lang='lat' dir='ltr'>B.</span> <span class='ocrx_word' id='word_1_126' title='bbox 630 2844 885 2916; x_wconf 87' lang='lat' dir='ltr'>Recte.</span> 
     </span>
    </p>

    <p class='ocr_par' dir='ltr' id='par_1_10' title="bbox 380 2956 2470 3166">
     <span class='ocr_line' id='line_1_22' title="bbox 476 2956 2470 3053; baseline 0 -22"><span class='ocrx_word' id='word_1_127' title='bbox 476 2959 578 3031; x_wconf 92' lang='lat' dir='ltr'>A.</span> <span class='ocrx_word' id='word_1_128' title='bbox 635 2958 753 3030; x_wconf 90' lang='lat' dir='ltr'>An</span> <span class='ocrx_word' id='word_1_129' title='bbox 790 2956 955 3047; x_wconf 88' lang='grc' dir='ltr'>ΑΟ,</span> <span class='ocrx_word' id='word_1_130' title='bbox 992 2957 1133 3030; x_wconf 93' lang='grc' dir='ltr'>ΒΟ</span> <span class='ocrx_word' id='word_1_131' title='bbox 1168 2957 1340 3031; x_wconf 89' lang='lat' dir='ltr'>sciri</span> <span class='ocrx_word' id='word_1_132' title='bbox 1386 2968 1696 3053; x_wconf 86' lang='lat' dir='ltr'>possunt</span> <span class='ocrx_word' id='word_1_133' title='bbox 1730 2958 2049 3053; x_wconf 86' lang='lat' dir='ltr'>aequales</span> <span class='ocrx_word' id='word_1_134' title='bbox 2085 2980 2241 3031; x_wconf 89' lang='lat' dir='ltr'>esse</span> <span class='ocrx_word' id='word_1_135' title='bbox 2276 2957 2470 3031; x_wconf 85' lang='lat' dir='ltr'>inter</span> 
     </span>
     <span class='ocr_line' id='line_1_23' title="bbox 380 3069 2466 3166; baseline -0 -23"><span class='ocrx_word' id='word_1_136' title='bbox 380 3094 478 3159; x_wconf 89' lang='lat' dir='ltr'>se,</span> <span class='ocrx_word' id='word_1_137' title='bbox 514 3069 660 3142; x_wconf 90' lang='lat' dir='ltr'>nisi</span> <span class='ocrx_word' id='word_1_138' title='bbox 689 3069 1005 3142; x_wconf 89' lang='lat' dir='ltr'>sciamus</span> <span class='ocrx_word' id='word_1_139' title='bbox 1028 3069 1234 3165; x_wconf 90' lang='lat' dir='ltr'>prius</span> <span class='ocrx_word' id='word_1_140' title='bbox 1269 3081 1660 3166; x_wconf 89' lang='lat' dir='ltr'>utramque</span> <span class='ocrx_word' id='word_1_141' title='bbox 1695 3069 2053 3165; x_wconf 86' lang='lat' dir='ltr'>aequalem</span> <span class='ocrx_word' id='word_1_142' title='bbox 2083 3093 2242 3144; x_wconf 88' lang='lat' dir='ltr'>esse</span> <span class='ocrx_word' id='word_1_143' title='bbox 2270 3069 2466 3142; x_wconf 82' lang='lat' dir='ltr'>AB?</span> 
     </span>
    </p>

    <p class='ocr_par' dir='ltr' id='par_1_11' title="bbox 483 3182 2003 3280">
     <span class='ocr_line' id='line_1_24' title="bbox 483 3182 2003 3280; baseline 0.001 -25"><span class='ocrx_word' id='word_1_144' title='bbox 483 3183 582 3255; x_wconf 92' lang='lat' dir='ltr'>B.</span> <span class='ocrx_word' id='word_1_145' title='bbox 635 3183 970 3272; x_wconf 86' lang='lat' dir='ltr'>Minime,</span> <span class='ocrx_word' id='word_1_146' title='bbox 1004 3207 1243 3280; x_wconf 90' lang='lat' dir='ltr'>neque</span> <span class='ocrx_word' id='word_1_147' title='bbox 1277 3182 1356 3257; x_wconf 91' lang='lat' dir='ltr'>id</span> <span class='ocrx_word' id='word_1_148' title='bbox 1390 3182 1573 3256; x_wconf 91' lang='lat' dir='ltr'>dicit</span> <span class='ocrx_word' id='word_1_149' title='bbox 1605 3183 2003 3256; x_wconf 90' lang='lat' dir='ltr'>Wallisius.</span> 
     </span>
    </p>

    <p class='ocr_par' dir='ltr' id='par_1_12' title="bbox 381 3296 2474 3733">
     <span class='ocr_line' id='line_1_25' title="bbox 479 3296 2472 3394; baseline -0.001 -24"><span class='ocrx_word' id='word_1_150' title='bbox 479 3298 582 3370; x_wconf 92' lang='lat' dir='ltr'>A.</span> <span class='ocrx_word' id='word_1_151' title='bbox 638 3297 718 3369; x_wconf 90' lang='lat' dir='ltr'>Si</span> <span class='ocrx_word' id='word_1_152' title='bbox 765 3297 935 3370; x_wconf 91' lang='lat' dir='ltr'>sciri</span> <span class='ocrx_word' id='word_1_153' title='bbox 982 3321 1133 3370; x_wconf 91' lang='lat' dir='ltr'>non</span> <span class='ocrx_word' id='word_1_154' title='bbox 1182 3308 1433 3394; x_wconf 90' lang='lat' dir='ltr'>potest</span> <span class='ocrx_word' id='word_1_155' title='bbox 1467 3297 1608 3371; x_wconf 85' lang='grc' dir='ltr'>ΑΟ</span> <span class='ocrx_word' id='word_1_156' title='bbox 1643 3308 1718 3370; x_wconf 90' lang='lat' dir='ltr'>et</span> <span class='ocrx_word' id='word_1_157' title='bbox 1752 3296 1889 3370; x_wconf 92' lang='grc' dir='ltr'>ΒΟ</span> <span class='ocrx_word' id='word_1_158' title='bbox 1934 3321 2095 3371; x_wconf 91' lang='lat' dir='ltr'>esse</span> <span class='ocrx_word' id='word_1_159' title='bbox 2140 3296 2338 3369; x_wconf 90' lang='lat' dir='ltr'>inter</span> <span class='ocrx_word' id='word_1_160' title='bbox 2393 3319 2472 3368; x_wconf 90' lang='lat' dir='ltr'>se</span> 
     </span>
     <span class='ocr_line' id='line_1_26' title="bbox 381 3410 2474 3507; baseline -0.001 -24"><span class='ocrx_word' id='word_1_161' title='bbox 381 3410 725 3507; x_wconf 81' lang='lat' dir='ltr'>aequaleS,</span> <span class='ocrx_word' id='word_1_162' title='bbox 760 3424 1158 3507; x_wconf 84' lang='lat' dir='ltr'>antequam</span> <span class='ocrx_word' id='word_1_163' title='bbox 1184 3411 1500 3484; x_wconf 88' lang='lat' dir='ltr'>sciamus</span> <span class='ocrx_word' id='word_1_164' title='bbox 1524 3422 1917 3507; x_wconf 88' lang='lat' dir='ltr'>utramque</span> <span class='ocrx_word' id='word_1_165' title='bbox 1944 3434 2196 3484; x_wconf 89' lang='lat' dir='ltr'>earum</span> <span class='ocrx_word' id='word_1_166' title='bbox 2232 3433 2474 3506; x_wconf 87' lang='lat' dir='ltr'>aequa-</span> 
     </span>
     <span class='ocr_line' id='line_1_27' title="bbox 381 3522 2474 3619; baseline -0.001 -22"><span class='ocrx_word' id='word_1_167' title='bbox 381 3524 527 3597; x_wconf 93' lang='lat' dir='ltr'>lem</span> <span class='ocrx_word' id='word_1_168' title='bbox 561 3547 721 3597; x_wconf 88' lang='lat' dir='ltr'>esse</span> <span class='ocrx_word' id='word_1_169' title='bbox 755 3523 944 3609; x_wconf 89' lang='lat' dir='ltr'>AB;</span> <span class='ocrx_word' id='word_1_170' title='bbox 999 3548 1238 3619; x_wconf 89' lang='lat' dir='ltr'>neque</span> <span class='ocrx_word' id='word_1_171' title='bbox 1273 3535 1523 3619; x_wconf 89' lang='lat' dir='ltr'>potest</span> <span class='ocrx_word' id='word_1_172' title='bbox 1557 3522 2045 3597; x_wconf 89' lang='lat' dir='ltr'>demonstrari</span> <span class='ocrx_word' id='word_1_173' title='bbox 2089 3523 2272 3597; x_wconf 89' lang='lat' dir='ltr'>illud</span> <span class='ocrx_word' id='word_1_174' title='bbox 2317 3522 2474 3595; x_wconf 90' lang='lat' dir='ltr'>sine</span> 
     </span>
     <span class='ocr_line' id='line_1_28' title="bbox 382 3637 1292 3733; baseline -0.004 -21"><span class='ocrx_word' id='word_1_175' title='bbox 382 3637 1016 3712; x_wconf 88' lang='lat' dir='ltr'>demonstratione</span> <span class='ocrx_word' id='word_1_176' title='bbox 1049 3638 1292 3733; x_wconf 87' lang='lat' dir='ltr'>hujus.</span> 
     </span>
    </p>

    <p class='ocr_par' dir='ltr' id='par_1_13' title="bbox 482 3749 1087 3823">
     <span class='ocr_line' id='line_1_29' title="bbox 482 3749 1087 3823; baseline 0 0"><span class='ocrx_word' id='word_1_177' title='bbox 482 3749 585 3823; x_wconf 90' lang='lat' dir='ltr'>B.</span> <span class='ocrx_word' id='word_1_178' title='bbox 637 3749 915 3822; x_wconf 88' lang='lat' dir='ltr'>Verum</span> <span class='ocrx_word' id='word_1_179' title='bbox 949 3760 1087 3823; x_wconf 90' lang='lat' dir='ltr'>est.</span> 
     </span>
    </p>

    <p class='ocr_par' dir='ltr' id='par_1_14' title="bbox 385 3860 2477 4056">
     <span class='ocr_line' id='line_1_30' title="bbox 481 3860 2477 3960; baseline -0.003 -24"><span class='ocrx_word' id='word_1_180' title='bbox 481 3864 582 3937; x_wconf 88' lang='lat' dir='ltr'>A.</span> <span class='ocrx_word' id='word_1_181' title='bbox 636 3864 772 3936; x_wconf 90' lang='lat' dir='ltr'>Est</span> <span class='ocrx_word' id='word_1_182' title='bbox 797 3887 977 3960; x_wconf 86' lang='lat' dir='ltr'>ergo</span> <span class='ocrx_word' id='word_1_183' title='bbox 1001 3861 1535 3935; x_wconf 86' lang='lat' dir='ltr'>demonstratio</span> <span class='ocrx_word' id='word_1_184' title='bbox 1563 3862 1808 3957; x_wconf 80' lang='lat' dir='ltr'>hujuS,</span> <span class='ocrx_word' id='word_1_185' title='bbox 1829 3884 1999 3956; x_wconf 89' lang='lat' dir='ltr'>pars</span> <span class='ocrx_word' id='word_1_186' title='bbox 2026 3860 2477 3934; x_wconf 89' lang='lat' dir='ltr'>demonstra-</span> 
     </span>
     <span class='ocr_line' id='line_1_31' title="bbox 385 3982 859 4056; baseline 0 -2"><span class='ocrx_word' id='word_1_187' title='bbox 385 3982 603 4056; x_wconf 87' lang='lat' dir='ltr'>tionis</span> <span class='ocrx_word' id='word_1_188' title='bbox 638 3982 859 4055; x_wconf 91' lang='lat' dir='ltr'>illius.</span> 
     </span>
    </p>

    <p class='ocr_par' dir='ltr' id='par_1_15' title="bbox 380 4091 2482 4524">
     <span class='ocr_line' id='line_1_32' title="bbox 486 4091 2480 4190; baseline -0.003 -21"><span class='ocrx_word' id='word_1_189' title='bbox 486 4097 585 4169; x_wconf 91' lang='lat' dir='ltr'>B.</span> <span class='ocrx_word' id='word_1_190' title='bbox 641 4094 878 4169; x_wconf 85' lang='lat' dir='ltr'>Video</span> <span class='ocrx_word' id='word_1_191' title='bbox 907 4118 1053 4190; x_wconf 92' lang='lat' dir='ltr'>quo</span> <span class='ocrx_word' id='word_1_192' title='bbox 1081 4093 1347 4182; x_wconf 89' lang='lat' dir='ltr'>tendis,</span> <span class='ocrx_word' id='word_1_193' title='bbox 1375 4092 1749 4182; x_wconf 88' lang='lat' dir='ltr'>nimirum,</span> <span class='ocrx_word' id='word_1_194' title='bbox 1777 4092 1875 4165; x_wconf 88' lang='lat' dir='ltr'>ad</span> <span class='ocrx_word' id='word_1_195' title='bbox 1899 4091 1975 4164; x_wconf 90' lang='lat' dir='ltr'>id</span> <span class='ocrx_word' id='word_1_196' title='bbox 2002 4092 2200 4189; x_wconf 92' lang='lat' dir='ltr'>quod</span> <span class='ocrx_word' id='word_1_197' title='bbox 2227 4091 2480 4164; x_wconf 85' lang='lat' dir='ltr'>dixisti</span> 
     </span>
     <span class='ocr_line' id='line_1_33' title="bbox 386 4205 2479 4307; baseline -0.004 -23"><span class='ocrx_word' id='word_1_198' title='bbox 386 4211 600 4307; x_wconf 87' lang='lat' dir='ltr'>paulo</span> <span class='ocrx_word' id='word_1_199' title='bbox 648 4223 825 4283; x_wconf 88' lang='lat' dir='ltr'>ante</span> <span class='ocrx_word' id='word_1_200' title='bbox 877 4208 954 4280; x_wconf 91' lang='lat' dir='ltr'>in</span> <span class='ocrx_word' id='word_1_201' title='bbox 998 4207 1647 4281; x_wconf 87' lang='lat' dir='ltr'>demonstrationis</span> <span class='ocrx_word' id='word_1_202' title='bbox 1694 4205 2143 4294; x_wconf 90' lang='lat' dir='ltr'>definitione,</span> <span class='ocrx_word' id='word_1_203' title='bbox 2190 4227 2479 4299; x_wconf 88' lang='lat' dir='ltr'>nempe,</span> 
     </span>
     <span class='ocr_line' id='line_1_34' title="bbox 384 4317 2482 4418; baseline -0.005 -20"><span class='ocrx_word' id='word_1_204' title='bbox 384 4349 539 4398; x_wconf 89' lang='lat' dir='ltr'>esse</span> <span class='ocrx_word' id='word_1_205' title='bbox 597 4348 765 4397; x_wconf 87' lang='lat' dir='ltr'>eam</span> <span class='ocrx_word' id='word_1_206' title='bbox 815 4321 1405 4418; x_wconf 86' lang='lat' dir='ltr'>syllogismorum</span> <span class='ocrx_word' id='word_1_207' title='bbox 1454 4321 1743 4411; x_wconf 90' lang='lat' dir='ltr'>seriem,</span> <span class='ocrx_word' id='word_1_208' title='bbox 1798 4320 2005 4414; x_wconf 88' lang='lat' dir='ltr'>cujus</span> <span class='ocrx_word' id='word_1_209' title='bbox 2039 4317 2482 4413; x_wconf 90' lang='lat' dir='ltr'>principium</span> 
     </span>
     <span class='ocr_line' id='line_1_35' title="bbox 380 4430 2479 4524; baseline -0.005 -11"><span class='ocrx_word' id='word_1_210' title='bbox 380 4453 488 4515; x_wconf 85' lang='lat' dir='ltr'>est</span> <span class='ocrx_word' id='word_1_211' title='bbox 524 4440 604 4512; x_wconf 93' lang='lat' dir='ltr'>in</span> <span class='ocrx_word' id='word_1_212' title='bbox 647 4435 1110 4524; x_wconf 87' lang='lat' dir='ltr'>definitione,</span> <span class='ocrx_word' id='word_1_213' title='bbox 1166 4447 1245 4507; x_wconf 87' lang='lat' dir='ltr'>et</span> <span class='ocrx_word' id='word_1_214' title='bbox 1298 4434 1464 4507; x_wconf 92' lang='lat' dir='ltr'>finis</span> <span class='ocrx_word' id='word_1_215' title='bbox 1521 4435 1598 4506; x_wconf 90' lang='lat' dir='ltr'>in</span> <span class='ocrx_word' id='word_1_216' title='bbox 1657 4431 2125 4507; x_wconf 85' lang='lat' dir='ltr'>conclusione</span> <span class='ocrx_word' id='word_1_217' title='bbox 2176 4430 2479 4514; x_wconf 88' lang='lat' dir='ltr'>ultima;</span> 
     </span>
    </p>
   </div>
  </div>
 </body>
</html>
