3094 5125
586 490 732 555 268
1224 506 1327 557 DE
1370 506 1712 559 NATURA
1750 508 2024 559 Anius.

583 674 709 760 riS,
748 672 944 768 quod
979 696 1113 769 per
1145 698 1601 772 consequens
1644 677 1867 748 etiam
1906 687 2292 749 sustentat.
2399 675 2547 749 Sed
2581 699 2675 749 ne

587 786 915 880 ejusdem
985 789 1369 861 marmoris
1437 790 1899 885 superficiem
1977 801 2268 885 premat
2346 790 2675 886 ejusdem

584 900 944 973 columnae
976 901 1337 974 directum
1370 903 1684 998 ponduS,
1711 904 2053 999 prohibet
2089 928 2411 975 marmor
2462 928 2676 1000 supe-a

584 1012 735 1084 rius
773 1014 1223 1109 contiguum.
1332 1015 1710 1111 Siquidem
1746 1040 1923 1112 ergo
1972 1016 2097 1088 illa
2145 1040 2514 1089 marmora
2568 1018 2675 1089 sic

585 1125 1032 1200 cohaerentia
1078 1129 1616 1202 transferantur
1679 1130 1754 1201 in
1811 1130 2197 1226 recipiens,
2252 1142 2471 1225 atque
2527 1130 2675 1203 illic

585 1239 1144 1333 suspendantur,
1174 1255 1440 1314 exucto
1476 1255 1719 1315 autem
1764 1265 1934 1314 aere
1993 1265 2311 1314 marmor
2372 1241 2675 1315 inferius

585 1375 751 1423 cum
776 1352 1149 1444 superiore
1178 1355 1551 1427 cohaerere
1579 1352 1889 1441 desinat,
1914 1354 2234 1427 dubitari
2262 1378 2408 1427 non
2431 1366 2674 1450 potest

586 1466 759 1560 quin
833 1489 1053 1538 causa
1112 1468 1481 1563 assignata
1551 1492 1726 1541 vera
1788 1468 1904 1540 sit.
2029 1468 2128 1541 Et
2188 1468 2538 1540 translata
2596 1469 2672 1540 in

583 1578 943 1674 recipiens
991 1578 1220 1669 fuere,
1256 1580 1387 1653 sed
1423 1582 1578 1653 sine
1615 1605 1961 1654 successu
2019 1593 2434 1677 expectato,
2540 1581 2673 1653 Ni-

583 1693 735 1765 hilo
789 1694 982 1766 enim
1047 1695 1278 1790 magis
1339 1695 1717 1769 desierunt
1773 1697 2191 1769 cohaerere:
2244 1695 2461 1784 forte,
2501 1695 2674 1792 quia

583 1830 732 1879 non
769 1806 945 1880 satis
981 1808 1170 1881 bene
1206 1820 1551 1905 coaptata
1582 1809 1895 1883 fuerant.

684 1919 783 1993 A.
838 1921 1020 2010 Im0,
1060 1921 1231 2017 quia
1263 1923 1447 1996 nihil
1484 1924 1652 1996 istic
1689 1935 1845 1995 erat
1882 1923 2080 2019 quod
2116 1936 2371 2018 ageret
2403 1933 2673 1996 atmos-

580 2033 852 2129 phaerae
874 2035 1186 2130 pondus,
1260 2037 1783 2133 Experimento
1816 2036 1958 2109 hoc
1985 2036 2391 2131 excogitari
2413 2049 2674 2110 contra

583 2148 1002 2242 opinionem
1062 2172 1341 2238 eorum,
1380 2150 1506 2246 qui
1542 2173 1852 2223 vacuum
1910 2162 2272 2236 asserunt,
2308 2148 2508 2222 aliud
2555 2173 2672 2221 ar-

580 2275 1015 2356 gumentum
1048 2263 1312 2336 fortius
1341 2278 1471 2336 aut
1498 2264 1910 2336 evidentius
1940 2287 2084 2335 non
2123 2262 2390 2358 potuit.
2477 2261 2672 2335 Nam

584 2377 644 2447 si
682 2375 993 2447 duorum
1031 2377 1558 2448 cohaerentium
1596 2377 2034 2449 alterutrum
2068 2375 2473 2449 secundum
2510 2399 2674 2447 eam

580 2488 799 2575 viam,
836 2487 911 2558 in
950 2511 1095 2582 qua
1123 2489 1376 2584 jacent
1410 2490 1589 2585 ipsae
1627 2491 1993 2585 contiguae
2028 2489 2469 2586 superficieS,
2507 2512 2675 2584 pro-

581 2599 871 2695 pulsum
930 2611 1146 2688 esset,
1184 2600 1398 2673 facile
1435 2614 1982 2697 separarentur,
2020 2626 2189 2674 aere
2222 2601 2558 2697 proximo
2594 2602 2670 2673 in

579 2712 821 2785 locum
861 2712 1201 2785 relictum
1249 2714 1654 2787 successive
1704 2738 1990 2811 semper
2042 2716 2420 2787 influente.
2526 2714 2671 2787 Sed

578 2826 703 2898 illa
736 2826 843 2898 ita
885 2825 1252 2914 divellere,
1299 2839 1385 2898 ut
1444 2827 1659 2900 simul
1715 2840 1955 2900 totum
2013 2829 2438 2901 amitterent
2497 2851 2672 2899 con-

579 2953 883 3026 tactum,
912 2940 1356 3035 impossibile
1386 2953 1576 3014 esset
1614 2940 1890 3014 mundo
1926 2941 2167 3038 pleno,
2271 2942 2672 3036 Oporteret

578 3052 772 3125 enim
807 3065 937 3125 aut
971 3065 1254 3126 motum
1300 3054 1461 3127 fieri
1511 3056 1605 3127 ab
1655 3078 1806 3126 uno
1848 3055 2162 3127 termino
2200 3054 2292 3127 ad
2331 3054 2551 3126 alium
2594 3054 2672 3126 in

576 3165 922 3252 instante,
950 3178 1078 3239 aut
1114 3166 1260 3240 duo
1298 3192 1610 3264 corpora
1635 3167 1895 3240 eodem
1933 3180 2263 3263 tempore
2298 3167 2374 3239 in
2413 3166 2672 3239 eodem

576 3302 733 3350 esse
769 3279 980 3363 loco;
1035 3281 1346 3376 quorum
1402 3280 1761 3353 utrumvis
1805 3279 2048 3353 dicere
2100 3291 2214 3352 est
2247 3280 2667 3352 absurdum.

580 3392 899 3464 Causam
958 3407 1203 3465 autem
1246 3418 1462 3489 quam
1525 3394 1928 3489 assignant,
1977 3392 2144 3464 vide
2205 3404 2386 3487 quot
2440 3416 2672 3488 quan-

576 3505 814 3601 tisque
864 3505 1348 3579 incommodis
1403 3507 1709 3579 laboret.
1813 3506 1908 3577 Et
1957 3506 2198 3601 primo
2255 3505 2671 3578 columnam

575 3619 776 3691 illam
831 3619 1489 3714 atmosphaericam,
1529 3643 1748 3715 quam
1808 3618 2220 3714 superficiei
2275 3619 2670 3715 superioris

578 3732 963 3804 marmoris
1000 3731 1215 3804 inniti
1249 3732 1533 3821 volunt,
1571 3756 1735 3828 quae
1769 3741 2198 3827 sequuntur.
2299 3731 2671 3804 Confiten-

579 3858 700 3918 tur
736 3845 931 3918 enim
967 3857 1124 3917 tum
1160 3845 1323 3940 ipsi,
1381 3858 1538 3919 tum
1581 3846 1704 3918 alii
1740 3868 2018 3934 omnes,
2055 3844 2666 3940 ponderationem

578 3983 869 4032 omnem
900 3967 1246 4031 conatum
1278 3982 1438 4032 esse
1474 3982 1605 4055 per
1639 3958 1870 4031 lineas
1905 3973 2144 4031 rectas
2180 3957 2666 4054 undequaque

577 4071 672 4144 ad
720 4083 1056 4144 centrum
1091 4082 1308 4144 terrae
1340 4103 1358 4154 ;
1412 4085 1488 4145 et
1539 4070 1871 4167 proinde,
1907 4094 2058 4143 non
2093 4094 2225 4166 per
2254 4070 2668 4167 cylindrum

575 4185 690 4257 vel
728 4185 1143 4258 columnam
1179 4184 1363 4272 fieri,
1407 4183 1534 4257 sed
1569 4207 1701 4280 per
1737 4184 2214 4280 pyramidem,
2260 4186 2469 4281 cujus
2506 4207 2669 4257 ver-

577 4308 704 4369 tex
758 4310 869 4371 est
924 4311 1257 4371 centrum
1315 4310 1582 4380 terrae;
1638 4297 1855 4385 basiS,
1893 4321 2061 4393 pars
2112 4298 2521 4393 superficiei
2555 4310 2667 4368 at-

570 4411 1031 4507 mosphaerae.
1136 4413 1396 4508 Itaque
1432 4411 1493 4484 si
1529 4410 1849 4508 pyramis
1886 4410 2011 4482 illa
2035 4422 2322 4484 secetur
2355 4435 2399 4483 a
2433 4410 2669 4483 cohae-
