3094 5125
712 492 864 559 508
1266 505 1843 566 QUADRATURA
1882 507 2250 574 cmcnm,

309 698 393 746 an
424 700 589 741 mox».
621 702 662 744 1.
716 672 991 748 sectori
1043 670 1259 747 ACL.
1364 672 1869 769 Reprehendit
1904 673 2104 769 quod
2149 696 2295 746 non
2346 671 2442 745 sit
2494 670 2832 744 demon-

346 768 631 804 ψ
714 798 1051 860 stratum.
1150 786 1308 881 Ego
1341 808 1518 859 vero
1558 785 2181 859 demonstratione
2236 785 2567 882 indigere
2599 782 2832 881 apud

711 899 972 994 logicae
1006 897 1488 995 peritissimos
1517 922 1666 971 non
1702 898 1910 994 potui
1948 898 2275 971 credere.

815 1011 1180 1100 Secundo,
1214 1011 1410 1084 satis
1443 1011 1685 1106 inquit
1717 1022 1834 1085 est
1873 1013 1985 1086 ad
2015 1009 2589 1109 confutationem
2612 1032 2827 1107 pro-

699 1126 1111 1223 positionis
1143 1148 1320 1197 meoe
1353 1124 1833 1220 disjunctivoe‚
1870 1126 2074 1224 quod
2102 1150 2242 1198 non
2285 1124 2390 1197 sit
2425 1149 2476 1196 a
2513 1148 2623 1196 me
2669 1122 2827 1195 de-

715 1247 1150 1325 monstrata.
1255 1237 1431 1310 Non
1465 1237 1653 1311 enim
1698 1237 1866 1326 sibi,
1909 1238 2115 1328 dicit,
2153 1236 2566 1311 incumbere
2607 1261 2825 1335 pro-

717 1349 900 1423 bare
926 1349 1232 1445 salsam
1292 1375 1476 1441 ease,
1535 1352 1678 1425 sed
1738 1352 1918 1425 mihi
1986 1350 2399 1425 incumbere
2458 1349 2825 1448 probare

711 1487 962 1537 veram
996 1488 1176 1538 esee.
1277 1463 1487 1552 Vide,
1534 1464 1788 1555 lector,
1838 1465 2218 1561 ingenium
2272 1464 2587 1537 hominis
2641 1488 2820 1536 ma-

714 1577 1114 1667 thematici,
1176 1577 1398 1650 etiam
1466 1589 1675 1651 extra
1732 1578 2234 1673 geometriam.
2339 1576 2623 1650 Mihine
2685 1577 2814 1649 in-

712 1691 993 1764 cumbit
1085 1690 1592 1763 demonstrare
1675 1715 1837 1765 esse
1921 1716 2167 1765 veram
2202 1690 2228 1763 ?
2388 1691 2591 1765 Quid
2685 1702 2814 1764 est

713 1802 1239 1892 demonstrare,
1294 1814 1782 1900 praeterquam
1851 1803 2173 1877 docere?
2299 1803 2553 1876 Meum
2613 1826 2809 1901 ergo

710 1928 821 1989 est
855 1915 1118 1988 docere
1154 1914 1642 2011 professorem
1678 1916 2075 2012 publicum.
2183 1915 2315 1989 Ille
2351 1940 2467 1989 me
2494 1929 2807 1989 accusat

705 2029 894 2103 falsi.
998 2028 1116 2102 Ad
1152 2052 1366 2124 quem
1401 2031 1722 2124 pertinet
1768 2029 2106 2126 probatio
2139 2057 2156 2101 ε
2209 2030 2306 2103 ad
2341 2043 2798 2119 accusatum,

707 2168 803 2216 an
839 2143 935 2215 ad
975 2140 1529 2215 accusatorem?
1641 2143 1895 2238 Egone
1951 2142 2254 2216 doceam
2302 2142 2796 2239 professorem

705 2257 904 2330 hunc
958 2255 1381 2351 publicum?
1486 2256 1656 2330 Qua
1707 2255 1894 2351 lege,
1943 2280 2088 2353 quo
2150 2256 2412 2329 merito
2473 2256 2793 2331 hominis

703 2367 1097 2442 maledici?
1201 2368 1349 2441 Sed
1408 2392 1607 2440 nunc
1667 2368 1957 2458 faciam,
2018 2379 2222 2464 puto,
2284 2380 2367 2441 ut
2423 2381 2580 2441 tum
2641 2370 2788 2460 ille,

704 2495 864 2557 tum
917 2503 1262 2578 sequaces
1316 2480 1508 2554 illius
1563 2480 2222 2555 demonstrationes
2276 2506 2474 2555 meas
2521 2482 2785 2556 intelli-

705 2608 885 2693 gant
918 2595 1177 2667 melius
1212 2618 1429 2691 quam
1464 2593 1756 2666 vellent.

803 2709 1075 2796 Terti0,
1111 2720 1197 2780 ut
1237 2707 1502 2804 probet
1555 2707 2005 2803 triangulum
2042 2708 2243 2783 AYQ
2296 2720 2371 2781 et
2425 2720 2782 2782 sectorem

706 2822 898 2895 ACL
946 2844 1094 2893 non
1131 2843 1288 2892 esse
1334 2820 1666 2917 aequalia,
1702 2821 2033 2907 assumit,
2068 2833 2147 2894 ut
2203 2821 2778 2895 demonstratum

702 2936 795 3009 ab
826 2933 1290 3022 Archimede,
1318 2935 1798 3031 perimetrum
1828 2935 2083 3007 circuli
2119 2934 2213 3008 ad
2237 2935 2677 3009 diametrum
2706 2936 2779 3008 in

701 3048 987 3121 minore
1023 3047 1308 3121 ratione
1344 3071 1501 3121 esse
1535 3071 1756 3144 quam
1792 3057 1889 3120 22
1925 3047 2020 3120 ad
2057 3052 2125 3130 7.
2217 3047 2307 3120 Id
2342 3073 2513 3122 vero
2549 3073 2779 3146 neque

700 3161 796 3235 ab
834 3160 1273 3263 Archimede
1309 3161 1894 3235 demonstratum
1929 3173 2065 3249 est,
2101 3185 2337 3258 neque
2383 3162 2576 3235 illius
2630 3185 2779 3235 me-

702 3274 933 3348 thodo
970 3274 1457 3349 demonstrari
1506 3287 1778 3372 potest.
1885 3274 2227 3348 Procedit
2261 3275 2454 3348 enim
2492 3300 2627 3372 per
2658 3299 2780 3348 ex-

698 3389 1133 3463 tractionem
1200 3390 1556 3478 radicum,
1617 3389 2066 3485 assumitque
2123 3388 2448 3462 radicem
2493 3390 2779 3463 numeri

700 3502 1230 3600 quadratorum
1263 3501 1338 3574 in
1361 3502 1721 3598 quadrato
1750 3502 2026 3597 majore
2053 3514 2599 3592 contentorum,
2624 3528 2778 3578 esse

700 3616 931 3689 totius
967 3612 1305 3711 quadrati
1358 3614 1589 3689 latus:
1643 3614 1843 3712 quod
1885 3628 1997 3688 est
2043 3615 2432 3688 manifeste
2486 3616 2776 3691 falsum.

700 3729 895 3802 Nam
946 3727 1156 3801 radix
1210 3730 1496 3801 numeri
1534 3730 2065 3825 quadratorum
2101 3740 2212 3802 est
2251 3753 2598 3804 numerus
2648 3732 2775 3805 ali·

692 3842 860 3936 quis
894 3841 1437 3938 quadratorum,
1475 3866 1624 3915 non
1666 3842 1881 3916 aliter
1915 3866 2133 3938 quam
2169 3841 2380 3915 radix
2425 3850 2563 3918 100
2597 3845 2780 3942 lapi-

699 3954 874 4028 dum
910 3968 1023 4028 est
1057 3962 1145 4028 10
1179 3953 1484 4051 lapides.

798 4066 1083 4141 Contra
1133 4067 1655 4164 propositionis
1704 4066 1922 4163 hujus
1968 4068 2356 4143 corollaria
2408 4069 2592 4143 nihil
2647 4072 2777 4145 ob-

686 4181 874 4278 jicit,
910 4192 1403 4276 praeterquam
1439 4179 1638 4275 quod
1684 4182 2095 4277 procedunt
2146 4205 2234 4254 ex
2278 4184 2777 4279 suppositione

696 4293 893 4391 quod
922 4292 1115 4367 PQL
1146 4302 1219 4364 et
1254 4293 1437 4367 CYP
1481 4304 1653 4367 sunt
1704 4305 1854 4368 tum
1899 4295 2094 4368 inter
2127 4319 2210 4369 se
2257 4295 2591 4393 oequalia,
2628 4307 2775 4371 tum

691 4405 912 4481 simul
939 4414 1230 4504 surrepta
1267 4406 1589 4504 cequalt‘a
1625 4409 1834 4483 PAV.
1943 4409 2143 4483 Bene
2177 4420 2312 4484 est.
2404 4411 2774 4485 Quoniam
