3094 5125
827 515 1451 570 MATHEMArrcAE
1493 519 1978 571 nomnnNAE.
2291 505 2436 570 205

1063 802 1559 863 PROPOSITIO
1596 811 1747 863 vn.

468 922 800 1021 Spatium
835 924 1236 1021 cycloidale
1277 928 1647 1001 internum
1686 927 1824 1000 BA
1821 926 1911 1022 f,
1967 926 2444 1021 comprehen-

371 1059 528 1108 sum
555 1061 601 1109 a
627 1048 835 1132 parte
862 1038 1211 1133 cycloidis
1241 1041 1300 1112 B
1301 1040 1383 1136 f
1402 1051 1478 1113 et
1513 1040 1798 1113 duabus
1832 1040 2052 1112 rectis
2086 1039 2253 1126 AB,
2290 1040 2357 1111 A
2355 1038 2442 1134 f,

370 1160 666 1245 superat
700 1149 1237 1225 semicirculum
1276 1152 1710 1249 genitorem,
1764 1164 2052 1226 tantum
2089 1163 2447 1248 quantum

370 1273 479 1335 est
511 1261 882 1335 trilineum
916 1269 963 1334 6
957 1262 1121 1358 sm.

469 1376 686 1465 Nam,
738 1398 873 1472 per
916 1378 1480 1472 praecedentem,
1541 1380 1854 1475 spatium
1911 1377 2447 1474 quadrilineum

374 1487 649 1561 Bcem
692 1488 971 1584 aequale
1018 1503 1128 1565 est
1184 1492 1574 1587 quadranti
1616 1491 1856 1565 ABC.
1962 1491 2211 1566 Quare
2273 1514 2443 1585 qua-

371 1600 759 1675 drilineum
796 1602 934 1675 AB
958 1612 1084 1676 m6
1113 1603 1392 1699 aequale
1439 1616 1554 1677 est
1588 1604 2044 1677 semicirculo
2077 1604 2393 1699 genitori
2425 1634 2444 1686 ;

370 1715 489 1787 cui
523 1715 584 1788 si
617 1715 932 1788 addatur
959 1716 1332 1790 trilineum
1357 1716 1566 1812 m6f,
1593 1717 1680 1789 fit
1705 1716 2022 1812 spatium
2048 1716 2446 1811 cycloidale

368 1828 738 1923 integrum
766 1827 905 1900 BA
903 1827 995 1923 f.
1054 1828 1388 1924 Spatium
1416 1852 1592 1924 ergo
1628 1828 2026 1924 cycloidale
2055 1828 2195 1900 BA
2184 1828 2274 1924 f,
2302 1841 2444 1902 etc.

373 1941 593 2016 Quod
629 1952 786 2015 erat
821 1940 1494 2015 demonstrandum.

1042 2151 1541 2203 PROPOSITIO
1582 2151 1770 2203 VIII.

472 2267 550 2341 Si
585 2267 894 2340 ducatur
925 2277 1128 2340 recta
1161 2268 1330 2357 DC,
1383 2278 1455 2340 et
1511 2266 1972 2363 producatur
2028 2266 2125 2339 ad
2185 2265 2324 2339 BG
2368 2268 2446 2343 in

371 2380 443 2454 N
472 2412 491 2466 ;
536 2381 797 2476 juncta
832 2380 968 2452 FN
1004 2380 1346 2453 transibit
1378 2404 1512 2477 per
1544 2379 1995 2475 punctumf.

471 2494 657 2569 Cum
691 2493 886 2567 enim
918 2493 1071 2566 DN
1107 2503 1431 2567 transeat
1472 2516 1606 2591 per
1643 2492 1724 2584 C,
1778 2493 1918 2567 erit
1954 2493 2098 2566 BN
2144 2493 2445 2590 aequalis

372 2607 726 2682 diametro
759 2607 924 2680 BD.
1036 2607 1123 2680 Et
1158 2609 1504 2704 quoniam
1543 2607 1681 2680 BG
1731 2620 1844 2680 est
1895 2607 2195 2704 aequalis
2241 2609 2445 2681 arcui

372 2721 807 2795 semicirculi
840 2719 1221 2817 genitoriS,
1259 2721 1398 2793 erit
1443 2720 1591 2793 GN
1647 2743 1983 2794 excessus
2034 2745 2179 2817 quo
2233 2745 2446 2795 arcus

372 2834 587 2909 BCD
657 2846 954 2932 superat
1022 2832 1459 2907 diametrum
1518 2833 1683 2906 BD.
1819 2835 1951 2907 Est
2018 2845 2265 2908 autem
2323 2836 2443 2907 6E

372 2949 690 3024 semissis
742 2948 963 3045 ipsius
1020 2946 1180 3035 BG,
1241 2959 1317 3019 et
1375 2954 1420 3018 6
1414 2945 1496 3041 f
1532 2946 1847 3019 semissis
1901 2944 2236 3020 diametri
2295 2948 2445 3021 sive

369 3075 595 3137 rectae
622 3061 792 3134 BN.
851 3059 1099 3133 Quare
1135 3070 1336 3130 recta
1369 3057 1507 3153 Es
1524 3070 1639 3131 est
1675 3059 1988 3131 semissis
2023 3070 2245 3133 rectae
2272 3060 2444 3134 GN.

369 3175 611 3249 Etiam
646 3175 775 3247 FE
809 3184 921 3246 est
968 3171 1285 3245 semissis
1332 3171 1484 3244 FG.
1596 3172 1700 3245 Ut
1751 3195 1928 3268 ergo
1975 3172 2104 3244 FG
2140 3172 2236 3246 ad
2271 3174 2444 3264 GN,

370 3289 475 3363 ita
520 3290 648 3363 FE
683 3286 776 3361 ad
827 3288 888 3360 E
881 3286 971 3382 f.
1071 3284 1367 3358 Transit
1414 3307 1592 3381 ergo
1627 3285 1767 3358 FN
1801 3308 1934 3381 per
1976 3298 2334 3382 punctum
2355 3287 2443 3383 f.

374 3404 595 3480 Quod
627 3412 785 3476 erat
820 3396 1494 3474 demonstrandum.

1085 3606 1581 3659 PROPOSITIO
1620 3608 1740 3660 IX.

467 3727 945 3824 Triangulum
999 3724 1456 3798 rectilineum
1510 3726 1708 3822 EFf
1725 3726 2000 3822 aequale
2049 3736 2160 3800 est
2211 3728 2446 3823 spatio

369 3844 778 3938 intercepto
811 3841 1005 3914 inter
1036 3862 1288 3912 arcum
1324 3838 1755 3936 quadrantis
1780 3839 1976 3913 ABC
2009 3849 2085 3914 et
2118 3840 2444 3935 ejusdem

370 3958 808 4032 subtensam.

466 4068 948 4165 Triangulum
1005 4064 1197 4139 oEF
1253 4065 1531 4162 aequale
1593 4080 1706 4141 est
1760 4066 2150 4162 quadranti
2205 4064 2441 4138 ABC.

371 4182 466 4256 Et
487 4181 830 4278 quoniam
852 4186 899 4251 6
894 4177 976 4273 f
995 4178 1295 4273 aequalis
1322 4189 1432 4251 est
1458 4178 2023 4269 semidiametrO,
2051 4178 2190 4252 erit
2215 4178 2444 4251 trian-

371 4295 624 4391 gulum
659 4293 819 4389 Ffo
858 4292 1137 4386 aequale
1174 4290 1475 4365 dimidio
1512 4291 1873 4387 quadrato
1908 4293 2000 4366 ab
2032 4292 2115 4388 f
2125 4300 2193 4365 6.
2298 4292 2441 4366 Re-

371 4409 651 4503 liquum
692 4405 917 4502 igitur
972 4404 1419 4498 triangulum
1460 4404 1915 4479 rectilineum
1952 4405 2148 4502 FEf
2167 4405 2446 4502 aequale

2521 701 2823 743 DIALOGUS

2630 784 2710 823 VI.
