3094 5125
861 496 1497 550 MATHEMATICAE
1537 497 2022 550 HonmRNAE.
2340 485 2473 549 135

386 658 572 731 hanc
605 670 681 733 et
713 661 1259 736 detractionem
1292 687 1429 735 non
1466 687 1629 735 esse
1663 665 1982 761 proprie
2027 664 2478 737 additionem
2541 692 2841 734 mamone

393 783 470 845 et
501 772 1112 849 substractionem
1130 803 1162 858 ;
1214 776 1393 874 quia
1421 774 1644 864 alias,
1667 777 1907 874 inquit
1942 776 2139 850 idem
2162 777 2475 868 ClaviuS,
2554 842 2563 857 .
2662 774 2744 813 w·
2826 841 2838 856 .

398 896 589 959 esset
622 897 848 961 totum
887 888 1171 986 oeqnale
1194 889 1438 987 parti,
1476 899 1553 962 et
1588 890 1825 963 minus
1848 917 1878 972 ,·
1929 901 2004 963 et
2029 892 2269 986 major
2286 914 2477 989 pro-

384 1001 640 1097 portio
670 1014 930 1100 posset
966 1002 1272 1076 detrahi
1303 1028 1400 1075 ex
1438 1002 1740 1076 minore.
1846 1003 2057 1092 Quae,
2109 1015 2193 1078 ut
2224 1004 2478 1077 viden-

398 1126 521 1186 tur
579 1114 710 1203 illi,
770 1115 1115 1206 absurda,
1181 1116 1512 1212 pluribus
1574 1117 1927 1213 exemplis
1982 1141 2074 1190 ex
2135 1119 2478 1214 opinione

396 1227 769 1301 contraria
803 1229 1103 1302 deducit
1147 1229 1272 1324 (ad
1305 1231 1528 1303 finem
1564 1230 1674 1302 El.
1714 1231 1851 1325 ix).

496 1339 589 1411 B.
647 1341 1163 1416 Nescientibus
1216 1341 1520 1416 rationis
1575 1343 1871 1439 majoris
1930 1343 2026 1416 ad
2085 1343 2351 1432 minuS,
2400 1344 2477 1417 id

398 1465 532 1542 est,
570 1456 1002 1549 quantitatis
1038 1454 1134 1528 ad
1169 1456 1684 1552 quantitatem,
1737 1469 2076 1530 naturam
2116 1457 2479 1531 diversam

400 1593 558 1644 esse
591 1595 639 1642 a
671 1570 956 1643 ratione
995 1569 1294 1643 minoris
1329 1569 1426 1642 ad
1461 1571 1719 1666 majuS,
1760 1571 1837 1644 id
1877 1582 2011 1657 est,
2046 1571 2477 1666 privationis

401 1680 834 1778 quantitatis
869 1682 965 1755 ad
997 1681 1486 1778 privationem
1521 1682 1975 1777 quantitatiS,
2033 1696 2110 1756 et
2160 1683 2479 1755 mediam

402 1795 593 1868 inter
628 1806 1015 1892 utramque
1049 1819 1209 1868 esse
1243 1796 1609 1868 rationem
1657 1796 2069 1893 aequalium,
2125 1796 2304 1868 satis
2356 1798 2481 1870 ab·

403 1909 619 1983 surde
668 1922 885 1983 sonat
933 1910 1288 2005 majorem
1341 1909 1703 1982 rationem
1762 1934 1807 1983 a
1859 1910 2138 1982 minore
2194 1908 2481 1981 detrahi

400 2047 637 2119 posse,
674 2035 752 2097 et
786 2035 1023 2097 totam
1055 2025 1420 2097 rationem
1455 2023 1781 2119 ejusdem
1809 2036 2019 2120 parte
2055 2047 2210 2096 esse
2247 2024 2482 2096 mino-

404 2160 577 2210 rem.
685 2137 833 2211 Sed
885 2136 947 2210 si
992 2137 1455 2210 considerare
1510 2137 1784 2210 vellent
1840 2136 2037 2234 quod
2092 2138 2215 2234 qui
2274 2136 2482 2210 addit

403 2250 795 2346 privationi
821 2251 1332 2347 privationem,
1370 2252 1856 2346 quantitatem
1889 2250 2067 2325 facit
2099 2254 2484 2341 minorem,

406 2374 474 2436 et
519 2366 651 2460 qui
707 2364 1194 2461 privationem
1240 2389 1286 2437 a
1334 2364 1747 2461 privatione
1809 2365 2155 2453 detrahit,
2200 2365 2488 2460 quanti-

404 2488 625 2550 tatem
664 2477 847 2550 facit
879 2479 1278 2575 majorem;
1331 2478 1546 2551 facile
1597 2477 1744 2550 dici
1798 2478 2079 2551 ferrent
2125 2480 2483 2552 rationem

405 2594 755 2688 majorem
784 2617 829 2664 a
855 2593 1160 2679 minore,
1191 2605 1266 2665 et
1294 2605 1528 2664 totam
1555 2616 1598 2664 a
1627 2605 1836 2688 parte
1863 2617 2077 2688 posse
2103 2595 2460 2667 subtrahi.

503 2707 601 2778 A.
655 2706 978 2794 Erravit,
1015 2706 1190 2794 scio,
1229 2700 1628 2794 WallisiuS,
1666 2705 1795 2779 sed
1848 2730 2013 2778 cum
2065 2706 2487 2780 doctissimo

409 2820 700 2892 Clavio:
741 2819 1167 2892 doctissimo
1203 2818 1499 2915 quidem
1521 2818 1996 2907 semitarum,
2021 2831 2096 2893 et
2129 2821 2487 2917 scriptore

407 2933 730 3005 omnium
756 2932 1191 3006 saeculorum
1215 2932 1798 3028 diligentissimo,
1847 2932 2218 3006 Wallisius
2241 2947 2486 3007 autem

404 3071 576 3135 non,
615 3059 702 3118 ut
737 3045 883 3134 ille,
910 3046 1430 3143 quaesibundus
1466 3046 1762 3134 erravit,
1786 3047 1915 3119 sed
1949 3071 2267 3120 errorem
2296 3048 2489 3123 illius

403 3160 751 3256 amplecti
771 3160 947 3233 satis
979 3160 1258 3248 habuit,
1281 3160 1651 3257 quomodo
1679 3160 2153 3255 quaerendum
2183 3162 2489 3235 ulterius

405 3286 598 3346 esset
659 3274 1035 3369 ignorans.
1139 3274 1491 3347 Attamen
1553 3273 1895 3362 obtinuit,
1954 3274 2172 3347 etiam
2231 3287 2490 3348 contra

406 3386 849 3460 sententiam
887 3386 1142 3475 Clavii,
1190 3400 1275 3459 ut
1325 3398 1631 3459 vocetur
1686 3387 2116 3482 compositio
2159 3389 2486 3478 rationiS,

407 3512 710 3596 propter
764 3500 916 3572 vim
987 3499 1208 3573 credo
1263 3500 1486 3574 etiam
1540 3500 1738 3573 intus
1783 3500 2083 3573 latentis
2133 3503 2487 3592 veritatis,

407 3613 701 3687 additio
746 3613 993 3709 potius
1035 3637 1255 3710 quam
1302 3611 1851 3710 multiplicatio.
1963 3615 2110 3688 Sed
2166 3614 2242 3687 id
2292 3606 2489 3712 aegre

406 3728 546 3800 fert
580 3726 1001 3809 Wallisius;
1055 3727 1225 3823 qnia
1248 3735 1527 3798 certam
1562 3735 1698 3814 est,
1736 3727 1999 3822 inquit,
2036 3730 2491 3825 quantitates

407 3840 705 3913 invicem
742 3838 1258 3937 multiplicari,
1296 3862 1438 3911 non
1474 3838 1661 3912 addi
1686 3841 1956 3943 :hquasi
1993 3842 2294 3931 diceret,
2317 3845 2491 3939 quia

406 3952 839 4051 compositio
871 3950 1235 4024 rationum
1262 3951 1372 4045 fit
1408 3975 1563 4047 per
1607 3952 2290 4050 multiplicationem
2341 3963 2493 4026 ter-

403 4066 784 4152 minorum,
832 4086 1020 4160 ergo
1068 4062 1501 4161 compositio
1550 4063 1921 4137 rationum
1970 4076 2086 4138 est
2137 4065 2495 4162 multipli-

398 4181 597 4253 catio
634 4175 1033 4250 rationum.
1137 4177 1395 4272 Itaque
1440 4175 1662 4272 paulo
1700 4191 1888 4271 post,
1954 4178 2494 4276 designandam

391 4304 645 4371 autem
684 4287 967 4378 malim,
993 4288 1253 4387 inquit,
1285 4312 1432 4388 per
1459 4298 1708 4363 notam
1747 4314 1790 4357 ><
1822 4290 2491 4389 multiplicationis,
