3094 5125
696 490 843 557 520
1247 507 1821 568 QUADRATURA
1860 506 2230 575 cincun,

267 697 352 741 An
381 698 550 738 mor.
582 699 647 740 ιι.
692 673 1228 769 obJectionibus
1248 687 1791 770 geometrarum
1806 673 2149 772 cognitis,
2162 671 2514 769 quicquid
2540 696 2785 746 erras-

693 810 847 859 sem
912 787 1564 884 (quemadmodum
1622 789 1797 882 feci)
1864 787 2355 861 emendarem.
2480 787 2568 859 In
2625 811 2779 884 quo

691 901 872 975 mihi
907 902 1116 991 bene,
1152 903 1694 977 correctoribus
1730 902 1910 976 meis
1945 901 2302 975 successit
2336 899 2551 975 male.

1122 1190 1234 1243 AD
1274 1190 1836 1244 PROFESSORIS
1877 1188 2341 1241 EPILOGUM.

789 1333 1153 1429 Pugnavit
1187 1333 1564 1408 Professor
1597 1332 1675 1405 in
1721 1331 2307 1427 praecedentibus
2345 1329 2436 1402 de
2471 1329 2776 1402 castello

687 1447 1007 1544 quodam
1043 1448 1118 1520 in
1153 1447 1556 1544 geometria
1592 1446 1816 1536 uno*,
1855 1457 1932 1518 et
1965 1444 2381 1518 infeliciter.
2476 1443 2564 1515 In
2598 1444 2776 1539 Epi-

686 1562 857 1657 logo
893 1574 1142 1634 autem
1194 1561 1605 1655 triumphos
1656 1582 1825 1632 suos
1876 1558 2292 1654 praeteritos
2343 1555 2436 1629 de
2487 1556 2775 1629 caeteris

688 1676 844 1771 ejus
866 1675 1200 1772 partibus
1227 1685 1688 1761 annumerat,
1719 1695 1924 1769 quas,
1939 1672 2014 1744 in
2045 1671 2387 1768 operibus
2416 1670 2597 1743 meis
2620 1694 2773 1742 non

684 1805 887 1868 recte
937 1803 1287 1866 tractatas
1342 1791 1679 1880 antebac,
1723 1816 1769 1864 a
1814 1813 1892 1863 se
1944 1789 2303 1863 refutatas
2353 1811 2512 1861 esse
2563 1788 2769 1861 dicit.

687 1909 936 1983 Quare
987 1904 1283 1977 autem?
1340 1996 1343 1997 7
1389 1901 1750 1994 Quoniam
1804 1902 2226 1991 monitione,
2267 1901 2528 1997 inquit,
2581 1925 2770 1998 opus

683 2046 848 2094 esse
896 2017 1287 2091 videbatur
1336 2015 1581 2115 quali-s·
1604 2017 1932 2114 fuerim,
1992 2040 2084 2088 ne
2144 2014 2406 2112 magni
2457 2014 2767 2087 nomini-s·

681 2133 976 2207 obtentu
1001 2131 1180 2204 aliis
1175 2130 1471 2227 fraudi
1494 2155 1745 2204 essem.
1816 2130 1990 2225 Non
2016 2128 2362 2202 videntur
2397 2128 2576 2201 mihi
2602 2152 2765 2225 quae

681 2245 803 2319 hic.
839 2245 1039 2331 dicit,
1074 2245 1262 2316 bene
1299 2246 1692 2317 cohaerere.
1795 2242 1918 2315 Ne
1963 2240 2163 2331 aliia,
2201 2242 2464 2336 inquit,
2472 2240 2766 2338 fraudi

679 2384 936 2432 essem.
1044 2358 1329 2432 Quibus
1383 2357 1596 2431 aliis?
1699 2358 1817 2430 An
1864 2354 2311 2453 geometris?
2418 2356 2519 2428 At
2552 2354 2761 2427 valde

681 2473 920 2569 pauci,
955 2483 1084 2544 aut
1116 2471 1299 2543 nulli
1336 2470 1634 2544 omnino
1682 2481 1882 2558 sunt,
1920 2479 2183 2566 praeter
2218 2467 2615 2565 discipulos
2646 2467 2763 2540 vel

681 2584 1220 2681 condiscipulos
1271 2583 1487 2673 illius,
1542 2584 1668 2680 qui
1718 2582 1980 2655 iisdem
2031 2594 2346 2655 utuntur
2384 2582 2760 2679 principiis

678 2685 844 2792 quae
878 2697 1099 2770 modo
1129 2696 1446 2769 absurda
1471 2717 1629 2767 esse
1657 2693 1897 2767 docui.
2005 2692 2122 2767 Illi
2147 2717 2325 2790 ergo
2351 2717 2504 2767 non
2530 2694 2760 2790 magis

678 2810 1080 2883 monitione
1159 2832 1342 2904 opus
1420 2806 1769 2896 habuere,
1849 2830 2069 2903 quam
2136 2806 2513 2880 Professor
2578 2808 2759 2904 ipse.

680 2926 886 2999 Quos
921 2947 1096 3019 ergo
1132 2922 1443 3012 monuit,
1471 2921 1613 2994 nisi
1647 2921 1814 2995 illos
1842 2921 1969 3018 qui
2003 2921 2431 2993 ratiocinari
2466 2920 2759 3018 quidem

676 3049 1106 3140 potuerunt,
1132 3037 1615 3133 geometriam
1642 3046 1890 3109 autem
1925 3035 2254 3109 nondum
2285 3036 2486 3110 docti
2513 3040 2759 3111 erant?

680 3150 840 3223 Hos
873 3150 1205 3223 monuit:
1257 3149 1336 3223 id
1370 3160 1504 3239 est,
1538 3149 1875 3223 homines
1908 3148 2192 3222 liberali
2240 3149 2537 3245 ingenio
2569 3174 2757 3246 prae-

676 3262 891 3350 ditos,
927 3256 1259 3337 radicum
1304 3263 1920 3360 geometricarum
1970 3274 2047 3335 et
2092 3262 2755 3360 symbolographiae

674 3376 983 3465 nescios,
1044 3375 1176 3449 sed
1228 3378 1511 3450 ratione
1569 3374 1890 3449 naturali
1948 3398 2043 3449 ne
2104 3376 2407 3449 summis
2462 3375 2755 3473 quidem

672 3489 1069 3586 geometris
1104 3488 1511 3579 inferioreS,
1545 3488 1857 3562 monuit.
1928 3488 2032 3561 Hi
2067 3498 2303 3579 erant,
2340 3488 2538 3584 apud
2572 3514 2752 3586 quos

673 3628 1024 3700 magnum
1092 3601 1272 3675 mihi
1328 3626 1601 3676 nomen
1661 3624 1818 3674 esse
1878 3600 2280 3674 Professori
2317 3601 2747 3676 videbatur.

673 3718 886 3806 Vide,
920 3718 1178 3806 lector,
1204 3714 1556 3788 invidiam
1591 3711 1907 3788 hominis
1941 3712 2292 3810 theologi.
2366 3715 2588 3789 Quod
2616 3716 2752 3790 viri

672 3831 848 3904 boni
885 3831 975 3904 de
1009 3854 1128 3904 me
1173 3852 1324 3903 non
1377 3828 1567 3901 male
1613 3827 1956 3918 sentiant,
1990 3827 2202 3902 valde
2266 3829 2528 3904 laetor:
2580 3852 2751 3902 nam

670 3954 755 4017 ut
789 3969 1057 4019 nomen
1108 3966 1461 4040 magnum
1511 3965 1676 4015 mea
1725 3942 1953 4039 ipsius
2001 3943 2526 4038 praedicatione
2571 3943 2751 4016 mihi

673 4080 1200 4154 compararem,
1236 4066 1366 4130 aut
1417 4053 1539 4128 ille
1582 4052 1719 4126 sibi
1753 4055 2178 4150 arrogantia
2212 4078 2366 4144 sua,
2420 4055 2750 4151 impossi-

671 4169 818 4243 bile
853 4182 988 4244 est.
1060 4170 1194 4243 Est
1228 4193 1406 4265 ergo
1442 4166 1718 4264 aliquid
1752 4166 1830 4240 in
1856 4167 2200 4264 operibus
2234 4169 2417 4242 meis
2449 4180 2751 4265 propter

1120 4455 1123 4458 ¹
1175 4434 1209 4468 ⁸*
1257 4432 1355 4494 Sic
1382 4430 1520 4492 edit.
1558 4433 1728 4490 1669.
1810 4429 2039 4502 Quaere,
2071 4449 2197 4488 mea
2214 4429 2244 4486 ,⁹
