3094 5125
280 655 365 696 AD
393 656 700 699 PROPA‘IH.

357 725 642 762 *qd

735 452 876 517 516
1276 465 1854 528 QUADRATURA
1893 472 2263 541 crucum,

832 634 1201 708 Quoniam
1257 659 1434 731 ergo
1486 637 1566 710 in
1608 636 1743 711 iet
1791 638 1870 710 iii
1922 638 2301 734 aequalitas
2363 637 2523 713 haeo
2555 650 2826 734 aperte

730 747 1232 822 demonstrata
1267 764 1400 840 est,
1438 750 1722 825 tollitur
1755 751 1916 824 haee
1943 752 2287 846 objectio.

708 932 747 943 ,,
830 861 1194 947 Secundo,
1242 863 1413 959 quia
1459 864 1897 959 quadratum
1953 890 1997 937 a
2051 864 2147 937 Gi
2192 888 2340 939 non
2385 875 2498 939 est
2530 864 2827 960 aequale

739 984 827 1050 10
862 976 1234 1071 quadratis
1269 1001 1314 1049 a
1349 977 1763 1051 semiradio.
2027 1045 2036 1048 ,

734 1150 745 1156 -
831 1089 1025 1163 Quia
1060 1089 1202 1162 hoe
1237 1090 1458 1163 etiam
1493 1091 1759 1164 iterum
1807 1090 2393 1163 demonstratum
2445 1101 2559 1163 est
2612 1089 2716 1163 ad
2750 1114 2827 1177 v,

728 1213 806 1279 et
839 1215 1214 1276 ostensum
1248 1217 1357 1277 est
1379 1203 1475 1276 ad
1496 1205 1597 1277 vii
1619 1217 2054 1301 argumenta
2072 1205 2229 1299 ejus
2256 1204 2634 1276 numerica
2662 1228 2826 1276 om·

727 1315 853 1386 nia
886 1338 1044 1388 esse
1065 1314 1364 1390 vitiosa:
1398 1318 1631 1390 firmae
1656 1330 1830 1390 sunt
1858 1317 1906 1406 i,
1928 1318 2033 1408 iii,
2060 1317 2157 1407 iv,
2185 1343 2251 1409 v,
2279 1317 2379 1406 vi,
2411 1317 2533 1408 vii,
2556 1330 2630 1391 et
2649 1317 2821 1390 viii.

1204 1590 1315 1644 AD
1356 1592 2043 1645 PROPOSITIONEM
2085 1594 2203 1661 lx,
2241 1593 2325 1644 X.

831 1719 1299 1816 Objectiones
1335 1733 1596 1795 contra
1640 1722 1713 1796 ix
1766 1733 1841 1796 et
1873 1748 1922 1795 x
1957 1722 2297 1795 refutatae
2349 1732 2525 1793 sunt
2573 1721 2648 1793 in
2701 1745 2828 1794 re-

729 1830 1119 1929 sponsione
1178 1858 1341 1908 mea
1399 1835 1493 1908 ad
1546 1835 1684 1908 vii:
1735 1861 2026 1932 unaque
2082 1835 2158 1907 in
2216 1835 2409 1907 illius
2469 1836 2827 1931 operibus

730 1954 901 2020 'sunt
933 1948 1379 2044 geometrica
1419 1950 1615 2044 (quae
1650 1949 1945 2045 quidem
1983 1973 2114 2021 sua
2140 1950 2337 2041 sunt)
2358 1949 2605 2021 omnia
2635 1974 2825 2023 eon-

731 2061 994 2151 futata,
1030 2072 1116 2135 ut
1149 2085 1313 2159 quae
1340 2062 1539 2136 falsis
1576 2063 1955 2159 principiis
1991 2063 2430 2135 innituntur.

1275 2323 1386 2375 AD
1427 2324 2113 2377 PROPOSITIONEM
2152 2324 2273 2377 xl.

832 2454 1109 2527 Contra
1142 2454 1238 2543 xi,
1275 2477 1439 2550 quae
1474 2464 1587 2527 est
1619 2455 1777 2528 haee
1808 2455 2012 2527 2—-Si
2072 2454 2386 2529 dueatur
2435 2466 2638 2528 recta
2671 2456 2819 2544 Aa,

732 2568 1066 2643 dividens
1134 2591 1384 2640 areum
1457 2568 1590 2639 PV
1656 2568 2018 2658 bifariam,
2089 2593 2344 2642 secans
2413 2570 2604 2643 latus
2674 2571 2821 2644 CG

731 2684 807 2754 in
844 2706 916 2769 a,
954 2681 1095 2753 erit.
1129 2679 1244 2752 Ga
1277 2693 1589 2774 tangens
1631 2703 1844 2754 arcus
1893 2690 1989 2756 30
2018 2681 2522 2777 >graduum—t
2575 2683 2821 2777 primo

731 2794 1325 2890 supputationem
1380 2817 1588 2865 suam
1655 2795 1908 2889 objicit
1978 2795 2168 2867 hane
2200 2807 2436 2869 :e-est
2502 2796 2822 2891 angulus

731 2904 1304 3000 CAa=-{-=·ff,-,
1384 2919 1462 2980 et
1521 2908 1799 2980 ΑΒνΞ
1817 2905 2069 3000 ξ--τ-ὲ-
2101 2908 2316 2982 unius
2383 2910 2593 2998 recti,
2664 2933 2821 2983 non

742 3020 948 3115 {ra-2
1052 3021 1264 3108 Vide,
1299 3021 1558 3106 lector,
1593 3045 1687 3093 an
1741 3021 2062 3094 dubitari
2116 3022 2353 3117 possit
2413 3023 2589 3118 quin
2636 3025 2820 3097 scri-

729 3136 1051 3210 bendum
1087 3148 1279 3224 esset
1314 3159 1447 3230 pro
1486 3133 1687 3224 CAa,
1727 3134 1912 3206 CaA
1942 3163 1959 3206 :
1998 3158 2343 3232 errorque
2379 3146 2573 3208 esset
2607 3147 2821 3233 typo-

730 3249 1017 3345 graphi,
1056 3272 1273 3344 quem
1329 3246 1624 3342 quidem
1676 3247 1753 3318 in
1813 3269 1948 3318 suo
2000 3246 2188 3319 libro
2236 3246 2650 3335 emendare,
2684 3247 2822 3320 sed

729 3385 969 3458 neque
1033 3360 1351 3455 objicere
1406 3382 1644 3455 neque
1691 3358 2000 3430 recitare
2053 3357 2310 3431 debuit
2358 3360 2592 3433 lector
2641 3384 2819 3433 oan-

734 3476 969 3550 didus.
1075 3473 1297 3547 Quod
1355 3488 1604 3545 autem
1656 3471 1751 3545 ad
1803 3471 2384 3568 propositionem
2439 3472 2630 3544 serio
2682 3497 2821 3568 op-

730 3591 964 3688 ponit,
998 3586 1139 3659 hoc
1176 3597 1328 3657 est:
1379 3584 1580 3681 quod
1602 3594 1956 3682 punctum
2007 3608 2403 3657 concursu-s·
2438 3595 2820 3659 rectarum

732 3707 840 3777 Br
876 3710 949 3775 et
984 3703 1120 3788 Aa,
1156 3699 1307 3772 erit
1342 3708 1567 3771 extra
1595 3698 2070 3795 quadratum.

831 3817 1032 3887 Bene
1068 3826 1218 3885 est:
1256 3822 1333 3883 at
1360 3824 1582 3884 rectae
1612 3813 1729 3884 Aa
1753 3811 2021 3908 positio
2059 3810 2330 3885 mutari
2355 3836 2506 3885 non
2542 3822 2818 3907 potest.

733 3928 879 4003 Sed
913 3926 1097 4014 fieri,
1132 3923 1395 4021 inquit,
1423 3936 1668 4019 potest
1688 3936 1774 3997 ut
1800 3925 1906 3997 Br
1932 3924 2292 4021 producta
2315 3948 2464 3998 non
2487 3935 2820 3999 transeat

730 4067 862 4140 per
896 4067 968 4130 a,
1003 4039 1175 4136 quia
1197 4038 1310 4111 Ga
1334 4039 1566 4132 major
1594 4051 1704 4109 est
1732 4062 1952 4134 quam
1980 4063 2156 4112 vera
2181 4052 2492 4134 tangens
2528 4047 2625 4113 30
2646 4064 2820 4135 gra-

731 4158 958 4229 duum
989 4181 1007 4225 2
1072 4164 1417 4238 oaeterum
1450 4152 1554 4223 Br
1589 4174 2035 4224 concurrens
2072 4177 2240 4226 cum
2275 4154 2393 4226 Aa
2426 4152 2818 4248 producta,

727 4269 950 4343 faciet
984 4264 1332 4361 angulum
1368 4264 1720 4361 aequalem
1759 4259 1843 4357 T}
1874 4266 2091 4340 unius
2127 4266 2338 4340 recti.
2443 4266 2629 4339 Haeo
2665 4267 2818 4342 ille.

730 4378 1091 4454 Concedit
1127 4401 1301 4473 ergo
1337 4390 1612 4485 rectam
1640 4379 1746 4452 Br
1770 4392 1852 4453 ut
1881 4380 2036 4456 vult
2069 4380 2528 4477 productam,
2565 4403 2820 4455 secan-
