3094 5125
941 489 1504 546 PROBLEMATA
1541 495 1932 551 PmrsmA.
2332 486 2478 554 325

389 657 533 731 nisi
577 682 710 754 per
742 658 982 754 ipsum
1025 683 1292 756 corpus
2567 694 2704 735 cn».
2735 693 2826 735 111.

387 771 680 877 argenti
711 772 860 846 vivi
892 796 1137 845 aerem
1175 796 1292 846 ur-
2555 763 2846 865 ἷξῖζοῖζ

386 886 678 983 gentis?
818 887 1025 960 Sicut
1095 887 1289 960 enim

388 1023 604 1073 omne
649 1024 874 1096 grave
932 999 1291 1096 liquidum

388 1115 502 1187 sui
555 1115 780 1212 ipsius
814 1113 1139 1212 pondere
1174 1137 1290 1188 ae-

384 1252 543 1305 rem
580 1253 797 1325 quem
841 1228 1289 1302 descenden-

387 1340 482 1414 do
548 1342 841 1438 premit,
893 1342 1289 1417 ascendere

385 1455 590 1550 cogit
642 1454 730 1546 (si
773 1454 894 1528 via
944 1455 1088 1528 alia
1137 1480 1288 1530 non

385 1566 625 1661 detur)
651 1591 782 1664 per
822 1591 1033 1641 suum
1061 1568 1289 1665 ipsius

384 1704 651 1776 corpus
690 1708 707 1751 ε
794 1681 901 1754 ita
996 1706 1289 1777 quoque

383 1817 629 1866 aerem
714 1819 932 1892 quem
1017 1798 1289 1893 premit

382 1908 873 1998 ascendend0‚
896 1910 959 1983 si
992 1909 1113 1983 via
1145 1910 1290 1983 alia

381 2044 531 2093 non
594 2022 834 2112 detur,
886 2047 1018 2119 per
1073 2047 1287 2096 suum

380 2134 607 2230 ipsius
659 2161 923 2233 corpus
973 2140 1287 2212 transire
1774 2182 1805 2217 Δ
1988 2114 2071 2125 ’’’’’’
2076 2110 2417 2299 N>

383 2250 608 2346 cogit.
647 2251 1124 2325 Manifestum
1153 2254 1284 2351 igi·
1890 2289 1921 2325 B
2322 2314 2331 2323 ,

380 2374 504 2434 tur
529 2364 1056 2460 est(supposita
1078 2391 1284 2440 mun·
2153 2454 2215 2486 j

382 2474 457 2548 di
516 2476 1004 2574 plenitudine)
1069 2503 1284 2577 posse

379 2618 624 2666 aerem
654 2606 1037 2669 externum
1072 2600 1165 2672 ab
1205 2601 1364 2697 ipsa
1396 2607 1760 2699 gravitate
1795 2615 2083 2711 argenti
2118 2618 2266 2691 vivi
2300 2623 2467 2717 cogi

379 2707 459 2779 in
510 2707 753 2779 locum
786 2708 992 2783 illum
1019 2712 1212 2785 inter
1238 2715 1297 2787 C
1327 2728 1403 2789 et
1438 2717 1529 2791 D.
1636 2723 1893 2821 Itaque
1928 2730 2467 2824 phaenomenon

378 2819 559 2892 illud
584 2823 1092 2896 necessitatem
1117 2828 1327 2900 vacui
1354 2854 1504 2904 non
1534 2833 2015 2916 demonstrat.
2094 2845 2468 2920 Quoniam

378 2947 627 3006 autem
665 2958 928 3032 corpus
975 2940 1262 3033 argenti
1294 2942 1443 3015 vivi
1485 2952 1982 3041 penetrationi
2032 2980 2194 3052 quae
2240 2960 2327 3033 fit
2373 2963 2466 3035 ab

377 3072 547 3121 aere
582 3049 918 3123 nonnihil
966 3052 1262 3143 resistit,
1300 3064 1377 3127 et
1409 3061 1822 3136 ascensioni
1865 3067 2159 3162 argenti
2191 3070 2340 3144 vivi
2386 3074 2467 3148 in

375 3186 549 3236 vase
603 3164 674 3236 A
727 3164 1002 3239 resistit
1054 3190 1228 3239 aer:
1284 3170 1578 3264 quando
1626 3173 1768 3247 illae
1820 3177 1985 3253 duae
2033 3183 2468 3261 resistentiae

375 3276 694 3373 aequales
731 3290 968 3368 erunt,
1006 3290 1184 3353 tunc
1230 3280 1308 3354 in
1346 3284 1524 3358 tubo
1564 3287 1862 3363 sistetur
1895 3292 2166 3368 alicubi
2200 3322 2467 3396 argen-

375 3400 535 3462 tum
567 3391 838 3481 vivum,
875 3404 1098 3490 atque
1133 3395 1238 3467 ibi
1274 3409 1387 3470 est
1422 3398 1512 3470 D.

478 3503 575 3576 A.
632 3505 711 3577 Si
755 3506 1100 3602 phialam,
1137 3509 1404 3583 collum
1459 3512 1852 3590 habentem
1898 3520 2462 3617 longiusculum,

376 3614 830 3712 eandemque
885 3620 1086 3692 omni
1147 3645 1451 3718 corpore
1504 3638 1779 3721 praeter
1838 3654 2083 3706 aerem
2132 3660 2462 3729 vacuam,

375 3750 502 3800 ore
549 3752 788 3824 sugaS‚
827 3733 1323 3832 continuoque
1377 3738 1643 3834 phialae
1681 3766 1763 3816 os
1799 3768 2008 3842 aquae
2044 3749 2461 3848 immergaS,

373 3840 656 3914 videbis
710 3867 974 3940 aquam
1021 3848 1500 3946 aliquousque
1545 3855 1942 3931 ascendere
1991 3860 2069 3933 in
2115 3863 2461 3958 phialam.

377 3954 528 4028 Qui
586 3957 749 4028 fieri
807 3958 947 4031 hoc
1003 3974 1272 4056 potest,
1326 3964 1467 4038 nisi
1529 3967 1810 4043 factum
1862 3973 1957 4046 sit
2002 3999 2316 4049 vacuum
2366 3980 2459 4052 ab

373 4068 762 4142 exuctione
822 4073 1011 4146 aeris
1070 4074 1148 4148 in
1211 4078 1418 4173 cujus
1478 4079 1724 4156 locum
1785 4087 2020 4181 possit
2078 4111 2269 4184 aqua
2336 4091 2464 4165 illa

374 4180 772 4254 ascendere
796 4181 822 4254 Ρ

476 4294 575 4367 B.
632 4294 1003 4371 Concesso
1036 4324 1294 4390 vacu0,
1321 4307 1648 4400 oportuit
1670 4311 2009 4406 quaedam
2041 4312 2205 4387 loca
2227 4340 2467 4391 vacua

371 4405 593 4481 fuisse
630 4408 706 4482 in
743 4409 870 4483 illo
906 4435 1073 4486 aere
1108 4415 1333 4490 etiam
1368 4421 1494 4513 qui
1529 4434 1688 4496 erat
1723 4424 1919 4500 intra
1939 4427 2261 4523 phialam
2289 4443 2463 4506 ante
