3094 5125
876 490 1509 544 MATHEMATICAE
1549 490 2039 544 Ronmanis.
2405 472 2501 552 77

381 659 690 733 diversa
754 668 871 731 est
933 659 1094 732 baec
1160 657 1499 732 Euclidis.
1605 659 2083 732 Manifestum
2142 655 2338 729 enim
2390 668 2504 729 est
2577 685 2880 727 nameus

389 772 579 845 duas
630 771 1011 868 quaslibet
1062 769 1486 845 velocitates
1538 771 1855 847 duorum
1902 794 2296 868 corporum
2346 794 2503 843 mo·
2702 768 2766 807 ¹¹·
2859 835 2871 851 ,

389 898 674 973 torum,
730 884 1011 958 habere
1066 886 1259 959 inter
1308 909 1387 958 se
1432 899 1714 959 certam
1762 886 2082 981 aliquam
2116 885 2503 974 rationem,

396 1013 480 1071 et
514 997 848 1094 quidem,
899 998 1077 1071 dum
1112 999 1538 1073 velocitates
1588 1000 1734 1074 illae
1774 1000 2052 1075 eaedem
2088 1009 2283 1088 sunt,
2333 1023 2505 1072 ean-

402 1112 597 1187 dem.
722 1111 796 1183 V
786 1111 1210 1186 eloe-itatem
1250 1128 1498 1187 autem
1547 1113 1807 1187 definit
1843 1113 2212 1201 Hobbius‚
2242 1122 2505 1210 poten-

402 1226 592 1298 tiam
629 1249 798 1298 esse
830 1225 1121 1298 mobilis
1164 1227 1240 1300 in
1274 1236 1600 1324 tempore
1634 1227 2124 1300 determinato
2159 1226 2507 1299 determi-

402 1348 666 1411 natam
700 1336 1225 1435 longitudinem
1251 1340 1718 1437 permeandi.
1821 1341 1932 1413 Ex
1962 1341 2075 1413 his
2101 1339 2506 1413 manifestis

402 1450 965 1545 generationem
989 1451 1271 1547 colligit
1292 1451 1624 1547 ejusdem
1649 1452 1997 1530 rationis.
2062 1452 2262 1526 Dicit
2284 1453 2502 1543 enim,

405 1563 479 1637 si
509 1563 659 1636 duo
693 1561 1024 1652 mobilia,
1053 1573 1441 1661 utrumque
1475 1563 1865 1637 velocitate
1901 1565 2299 1655 invariata,
2323 1590 2505 1663 per-

407 1685 724 1748 currant
758 1675 947 1748 duas
981 1674 1486 1773 longitudines
1520 1686 1848 1773 tempore
1881 1676 2153 1759 eodem,
2189 1702 2322 1750 eas
2358 1677 2506 1751 lon-

398 1789 796 1885 gitudines
850 1790 1215 1861 rationem
1259 1788 1535 1862 babere
1585 1790 1780 1863 inter
1823 1815 1904 1862 se
1952 1791 2258 1864 eandem
2298 1816 2507 1887 qaam

399 1901 682 1975 habent
726 1901 1155 1976 velocitates
1202 1902 1388 2000 ipsae
1410 1930 1436 1976 .·
1489 1915 1563 1976 et
1600 1927 1876 1994 rursuS,
1920 1903 1990 1975 si
2028 1903 2171 1977 duo
2207 1904 2507 1977 mobilia

397 2025 790 2113 utrumqne
847 2016 1104 2089 eadem
1163 2016 1549 2090 invariata
1607 2016 2002 2090 velocitate
2050 2027 2508 2113 percurrant

396 2129 597 2202 duas
670 2129 1201 2228 longitudinm,
1269 2129 1540 2204 habere
1607 2155 1737 2204 eas
1804 2130 2107 2203 eandem
2174 2129 2372 2203 inter
2423 2153 2507 2201 se

394 2242 795 2332 rationem,
856 2266 1078 2339 quam
1125 2241 1391 2316 habent
1445 2243 1643 2317 inter
1698 2269 1785 2317 se
1849 2253 2186 2341 tempora
2239 2242 2505 2340 quibas

381 2366 983 2454 percurruntur.
1089 2356 1374 2431 Quibus
1435 2358 1718 2454 positis,
1784 2360 1932 2431 sint
1993 2357 2142 2431 duo
2205 2356 2506 2430 mobilia

396 2468 501 2542 ad
547 2481 917 2567 punctum
950 2470 1043 2559 A,
1094 2481 1671 2569 moveanturque
1725 2497 1971 2570 aequa-
2198 2529 2238 2569 D
2377 2481 2413 2520 ¹³

393 2581 534 2655 bili
607 2583 1003 2657 velocitate
1082 2608 1214 2681 per
1284 2587 1355 2658 A
1379 2585 1464 2674 B,
1539 2586 1607 2657 A
1634 2586 1717 2659 C.
1875 2588 1971 2660 Et

398 2694 872 2769 velocitatem
911 2696 1206 2792 quidem
1239 2699 1456 2771 unius
1496 2710 1973 2795 repraesentet
2014 2727 2051 2763 Δ
2195 2728 2228 2764 z·

402 2807 576 2891 AB,
630 2809 1102 2884 velocitatem
1152 2824 1403 2885 autem
1455 2813 1756 2886 alterius
1806 2824 2286 2910 repraesentet
2339 2812 2499 2885 AC.

403 2920 733 2994 Venient
761 2945 938 3018 ergo
967 2922 1277 2998 alterum
1304 2924 1399 2997 ad
1429 2926 1515 3013 B,
1552 2926 1865 2998 alterum
1893 2926 1989 2999 ad
2018 2926 2100 3015 C,
2136 2926 2212 2999 in
2241 2923 2503 2998 eodem

407 3046 749 3131 tempore
787 3036 951 3125 AC,
995 3048 1386 3134 propterea
1422 3038 1623 3134 quod
1662 3039 2087 3113 velocitates
2121 3040 2505 3112 amborum

409 3150 1003 3223 determinantur
1036 3175 1169 3247 per
1202 3152 1440 3247 spatia
1474 3177 1639 3248 quae
1673 3152 1934 3226 eodem
1975 3163 2305 3248 tempore
2340 3174 2506 3247 per-

412 3276 750 3337 currunt.
838 3263 1214 3354 Similiter,
1244 3265 1306 3337 si
1333 3265 1405 3337 in
1436 3277 1646 3362 parte
1674 3267 2027 3363 temporis
2052 3265 2217 3355 AC,
2245 3263 2506 3337 iisdem

412 3378 724 3452 servatis
754 3378 1290 3470 velocitatibus,
1320 3378 1633 3452 alterum
1661 3379 1910 3453 veniat
1941 3378 2038 3453 ad
2063 3378 2155 3468 D,
2191 3377 2506 3451 alterum

413 3491 504 3565 ad
539 3493 632 3581 E,
687 3515 940 3565 rursus
995 3503 1212 3566 erunt
1267 3493 1507 3590 spatia
1560 3517 1911 3591 percursa
1945 3493 2092 3566 AD
2141 3502 2217 3565 et
2249 3492 2391 3564 ΑΕ
2425 3501 2509 3564 ut

415 3602 847 3678 velocitates
881 3606 1182 3694 eaedem,
1240 3605 1318 3679 id
1352 3619 1487 3695 est,
1527 3618 1618 3679 ut
1651 3606 1796 3680 AB
1837 3607 1931 3681 ad
1966 3606 2126 3680 AC.
2228 3604 2507 3677 Eodem

415 3717 661 3807 mod0‚
698 3716 760 3792 si
796 3718 1065 3791 mobile
1109 3718 1305 3792 idem
1342 3719 1590 3792 veniat
1635 3719 1734 3793 ad
1769 3721 1829 3794 B
1865 3721 1939 3794 in
1974 3732 2307 3817 tempore
2341 3717 2507 3808 AC,

415 3832 659 3905 veniet
715 3830 814 3904 ad
860 3830 930 3903 D
977 3831 1056 3903 in
1100 3841 1311 3926 parte
1359 3829 1556 3905 illius
1590 3834 1967 3930 temporis,
2012 3846 2194 3930 puta
2227 3832 2307 3905 in
2340 3830 2507 3920 ΑΕ,

417 3968 577 4040 quae
612 3944 712 4017 sit
746 3943 988 4041 spatio
1027 3942 1175 4016 AD
1210 3943 1630 4040 homologa.
1734 3945 1891 4019 Nec
1927 3957 2217 4019 tantum
2250 3968 2508 4017 verum

413 4056 551 4131 hoc
585 4073 704 4132 est
739 4057 820 4130 in
857 4066 1086 4145 motu,
1134 4055 1266 4129 sed
1314 4057 1536 4130 etiam
1582 4058 1658 4131 in
1706 4059 1907 4132 omni
1947 4082 2216 4155 genere
2251 4079 2504 4130 causa-

412 4170 651 4264 tionis,
725 4170 861 4244 ubi
931 4193 1150 4242 causa
1206 4170 1611 4266 aequalibus
1680 4172 2130 4268 temporibus
2197 4167 2506 4264 aequalia

403 4311 694 4387 semper
730 4282 988 4358 efficit.
1071 4282 1329 4378 Itaque
1376 4283 1683 4356 eandem
1727 4284 2086 4358 rationem
2128 4282 2319 4377 (cap.
2350 4281 2502 4356 xiii.

394 4417 523 4483 art.
550 4412 627 4496 6,
670 4397 861 4475 libri
891 4417 999 4468 DE
1027 4401 1445 4490 conponss)
1479 4397 1587 4470 sic
1623 4397 1960 4470 definivit
1981 4424 2007 4468 .·
2061 4395 2290 4468 Ratio
2319 4419 2505 4493 geo-
