3094 5125
610 472 754 539 336
1160 484 1722 538 PnonLnMA‘rA
1759 485 2143 539 PnYSIcA.

260 676 396 717 cn».
419 677 480 717 v·
605 653 727 726 ille
760 653 1117 750 procedat
1152 653 1556 727 secundum
1596 652 2138 749 longitudinem
2190 652 2505 742 laminae,
2542 676 2696 728 non

281 804 350 847 ne
370 804 482 848 aum
602 779 690 842 ut
725 779 899 841 ante
931 768 1369 857 tensionem,
1403 768 1533 842 sed
1566 779 1655 841 ut
1687 778 1939 842 tensae.
2046 768 2296 862 Atque
2333 766 2505 840 inde
2539 768 2693 857 fiet,

276 875 325 915 θ’
341 868 478 918 ‘³⁰¹⁶‘
603 893 711 973 ut,
749 882 1035 956 sublato
1065 882 1617 978 impedimento,
1653 882 1941 955 restitui
1976 891 2226 954 tamen
2252 881 2406 953 sine
2436 878 2697 953 eadem

602 995 677 1069 vi
711 1019 856 1091 qua
890 1007 1064 1069 ante
1106 996 1551 1070 tendebatur
1588 1019 1739 1068 non
1772 994 2028 1091 possit.

706 1108 803 1181 A.
861 1109 978 1181 Ita
1012 1118 1146 1182 est.
1250 1110 1447 1182 Nam
1479 1108 1774 1181 ballista
1801 1131 1968 1203 quae
2003 1106 2129 1179 diu
2157 1118 2369 1180 tensa
2400 1105 2695 1194 mansit,

605 1232 950 1295 conatum
987 1244 1064 1295 se
1087 1221 1524 1295 restituendi
1562 1220 2025 1294 debilitatum
2065 1219 2366 1293 tandem
2392 1229 2698 1316 propter

601 1335 923 1432 partium
957 1335 1458 1408 resistentiam
1505 1333 1774 1431 perdit.
1880 1332 2028 1406 Sed
2075 1334 2168 1406 ab
2215 1333 2358 1405 hoc
2401 1332 2695 1405 interno

601 1447 925 1543 partium
960 1460 1171 1521 motu
1204 1446 1583 1544 reciproco
1617 1444 1986 1542 quomodo
2033 1444 2261 1518 infers
2295 1443 2525 1518 totius
2560 1444 2695 1517 du-

604 1561 848 1634 ritiem
872 1560 898 1633 ?

706 1674 803 1747 Β.
858 1674 939 1747 Si
973 1673 1276 1747 cuilibet
1323 1672 1614 1745 illarum
1666 1671 1795 1745 uni
1829 1673 1977 1745 vim
2025 1670 2529 1769 applicaveriS,
2566 1694 2696 1744 ne·

608 1811 808 1862 cesse
844 1798 957 1861 est
991 1800 1073 1861 ut
1105 1798 1350 1884 partes
1385 1787 1703 1883 reliquas
1750 1787 2259 1876 commoveriS,
2296 1796 2697 1882 antequam

606 1901 732 1974 illa
762 1925 914 1975 una
947 1902 1393 1975 sensibiliter
1427 1914 1833 1975 moveatur.
1937 1902 2209 1975 Totum
2243 1924 2420 1996 ergo
2456 1899 2694 1989 cedet,

607 2024 739 2088 aut
771 2015 897 2088 illa
919 2038 1087 2111 pars
1123 2014 1565 2088 sensibiliter
1600 2039 1751 2088 non
1786 2013 2019 2088 cedet.
2127 2014 2411 2110 Corpus
2445 2025 2698 2087 autem

609 2129 819 2224 cujus
854 2151 1023 2224 pars
1059 2152 1212 2201 non
1247 2127 1446 2201 cedit
1480 2128 1620 2201 nisi
1668 2127 1976 2201 cedente
2017 2138 2200 2213 toto,
2239 2126 2504 2199 durum
2556 2138 2695 2199 est.

711 2240 809 2314 A.
866 2240 1195 2369 Corpora
1229 2240 1415 2314 dura
1448 2241 1597 2313 ab
1579 2264 1748 2336 igne
1784 2239 2198 2338 liquescunt
2243 2239 2510 2335 aliqua,
2546 2262 2699 2313 non

608 2365 859 2428 tamen
894 2354 1163 2427 omnia.
1269 2352 1485 2426 Unde
1519 2352 1710 2426 hoc
1691 2376 1714 2423 r

710 2467 809 2540 B.
863 2466 1273 2539 Durissima
1319 2489 1633 2562 corpora
1685 2466 1812 2539 illa
1858 2475 2051 2552 sunt,
2094 2465 2170 2538 iu
2220 2466 2481 2564 quibus
2529 2489 2699 2562 par-

613 2582 799 2653 tium
836 2591 1078 2652 motus
1115 2591 1189 2652 et
1224 2579 1722 2653 velocissimus
1751 2591 1885 2670 est,
1923 2592 2001 2653 et
2034 2579 2232 2653 intra
2265 2581 2504 2676 spatia
2535 2581 2695 2653 bre-

609 2693 927 2766 vissima.
1045 2691 1300 2789 Itaque
1356 2693 1417 2765 si
1470 2693 1687 2790 ignis,
1744 2693 1822 2766 in
1881 2717 2025 2789 quo
2080 2704 2323 2766 motus
2375 2694 2699 2790 partium

609 2805 823 2880 valde
858 2804 1070 2878 velox
1117 2816 1253 2892 est,
1291 2804 1421 2878 sed
1466 2806 1540 2878 in
1590 2807 1847 2902 spatiis
1895 2807 2317 2902 majoribuS,
2353 2808 2529 2881 satis
2578 2831 2702 2879 ve-

610 2919 911 2993 hemens
946 2920 1039 2992 sit
1076 2918 1171 2992 ad
1208 2919 1701 3015 superandam
1736 2921 1902 2994 duri
1936 2920 2453 3010 resistentiam,
2475 2920 2698 2993 faciet

610 3044 694 3107 ut
743 3045 991 3130 partes
1048 3033 1211 3107 duri
1264 3045 1551 3108 motum
1605 3059 1818 3108 suum
1874 3046 2266 3108 exerceant
2321 3035 2398 3108 in
2446 3034 2700 3131 spatiis

612 3148 1033 3244 majoribuS,
1090 3158 1165 3221 et
1217 3146 1526 3245 proinde
1580 3158 1664 3221 ut
1715 3148 2067 3221 resistant
2118 3148 2386 3237 minus,
2431 3147 2511 3221 id
2562 3158 2695 3237 est,

612 3261 878 3334 durum
914 3261 1312 3335 emollibit:
1368 3260 1664 3357 quando
1697 3274 1941 3334 autem
1982 3262 2058 3332 in
2092 3270 2381 3334 tantum
2418 3261 2701 3335 emolli-

611 3385 839 3446 untur
872 3373 1079 3463 dura,
1116 3385 1198 3447 ut
1233 3397 1365 3447 suo
1400 3374 1727 3470 ipsorum
1762 3373 2087 3471 pondere
2125 3373 2483 3463 diffluant,
2519 3387 2699 3448 tunc

611 3485 955 3582 liquifieri
991 3486 1115 3558 illa
1148 3485 1484 3560 dicimus,

712 3598 809 3671 A.
866 3598 1083 3672 Unde
1132 3599 1402 3672 accidit
1451 3612 1535 3673 ut
1591 3599 1982 3674 durissima
2026 3624 2332 3699 quaeque
2383 3601 2700 3698 fragilis-

613 3711 798 3785 sima
830 3711 976 3784 sint
1007 3711 1031 3782 ?

712 3826 810 3900 Β.
865 3825 1183 3901 Quando
1232 3825 1498 3899 durum
1549 3827 1865 3925 aliquod,
1914 3827 2228 3924 exempli
2280 3851 2522 3917 causa,
2559 3827 2698 3900 vir-

611 3963 784 4035 gam
816 3939 1130 4013 serream
1165 3939 1558 4028 flectimuS,
1611 3941 1847 4036 spatia
1879 3941 1958 4012 in
2003 3941 2267 4038 quibus
2319 3941 2406 4012 fit
2455 3949 2699 4013 motus

612 4052 736 4125 ille
770 4054 1086 4149 partium
1117 4077 1267 4126 non
1293 4076 1670 4149 augemuS,
1693 4066 1778 4126 ut
1805 4054 1986 4126 facit
2012 4055 2225 4149 ignis·
2282 4053 2429 4126 Sed
2456 4064 2700 4149 partes

614 4165 793 4239 alias
828 4166 905 4238 in
941 4167 1478 4240 convexitatem
1532 4166 2028 4255 distrahimus,
2066 4167 2244 4239 alias
2293 4166 2370 4239 in
2425 4166 2702 4239 cavita-

616 4290 768 4349 tem
803 4278 1383 4376 comprimimus:
1419 4277 1643 4374 idque
1680 4278 1754 4351 in
1781 4302 1930 4352 uno
1957 4279 2368 4375 praesertim
2395 4289 2697 4375 puncto.

615 4390 701 4464 In
737 4414 880 4487 quo
908 4405 1208 4489 punct0,
1234 4393 1350 4466 vel
1376 4392 1582 4490 quasi
1608 4403 1910 4488 puncto,
1939 4393 2002 4466 si
2036 4393 2453 4467 resistentia
2472 4393 2699 4488 virgae
