3094 5125
1083 502 1189 553 on
1228 500 1568 555 NATURA
1605 504 1878 556 Anius.
2377 493 2515 559 251

457 671 661 759 culae,
739 670 953 744 facile
1030 671 1494 768 persuadeor.
1650 672 1795 747 Sed
1871 672 2070 769 quod
2128 672 2205 744 in
2283 670 2526 748 medio

457 785 729 857 aethere
796 807 1106 874 sursum,
1177 785 1538 874 deorsum,
1627 810 2207 882 quaquaversum
2274 797 2523 877 motae,

455 922 591 971 nec
641 922 926 993 semper
959 898 1210 987 alterae
1252 899 1497 973 alteris
1530 900 1951 989 innitenteS‚
1987 899 2383 996 gravitent,
2419 900 2529 973 in-

458 1011 936 1108 conceptibile
988 1023 1122 1085 est.
1225 1013 1460 1110 Ligna
1512 1025 1589 1087 et
1646 1038 1958 1111 corpora
2016 1025 2286 1086 caetera
2337 1038 2531 1110 aqua

454 1125 750 1215 leviora,
788 1125 1097 1221 ponderi
1128 1137 1375 1199 tamen
1423 1127 1648 1201 totius
1682 1126 1968 1201 addunt
2019 1126 2318 1223 aliquid,
2355 1128 2532 1223 quia

456 1250 849 1335 utrumque
902 1263 1169 1336 corpus
1218 1263 1443 1337 grave
1492 1251 1626 1314 est.
1733 1243 1838 1314 At
1882 1241 1958 1313 in
1994 1241 2316 1313 aetherea
2359 1241 2532 1315 sub-

460 1351 750 1440 stantia,
800 1375 964 1447 quae
1016 1353 1260 1447 gravis
1314 1377 1463 1427 non
1515 1364 1648 1443 est,
1708 1353 1849 1426 nisi
1896 1353 2072 1426 dum
2117 1351 2530 1442 subsidunt,

458 1465 825 1560 gravitare
861 1488 1009 1538 non
1042 1477 1371 1561 possunt.
1479 1465 1868 1540 Quomodo
1903 1467 2122 1555 enim,
2151 1466 2328 1540 dum
2381 1490 2533 1540 non

460 1576 870 1665 subsidunt,
905 1579 967 1650 si
999 1579 1318 1675 gravitas
1373 1590 1679 1653 conatus
1732 1579 1827 1652 sit
1888 1578 2252 1668 deorsum,
2287 1578 2537 1652 dicen-

463 1702 586 1763 tur
637 1692 1026 1787 gravitare‚
1090 1702 1220 1765 aut
1274 1716 1518 1766 aerem
1586 1692 2066 1788 comprimere
2114 1715 2532 1789 quanquam

462 1803 793 1876 laneum?

561 1917 658 1989 B.
714 1916 1058 2014 Indigent
1090 1918 1249 1991 haec
1303 1915 1780 1990 meditatione
1836 1918 2139 2013 majore,
2177 1941 2397 2013 quam
2450 1927 2536 1991 ut

465 2030 707 2103 subito
740 2032 1116 2104 assentiar.
1182 2032 1457 2104 Verum
1489 2052 1883 2126 pergamus
1915 2029 2011 2102 ad
2031 2029 2537 2126 experimenta

465 2154 737 2233 nostra,
774 2153 858 2215 ut
888 2141 1262 2217 videamus
1289 2167 1381 2216 an
1412 2167 1651 2216 causae
1687 2165 1940 2215 earum
1985 2141 2196 2215 reddi
2251 2142 2538 2239 possint

463 2279 595 2352 per
622 2256 1157 2352 suppositiones
1184 2255 1398 2329 tuas?
1499 2256 1597 2328 Et
1627 2255 1866 2352 primo
1891 2302 1991 2313 —

569 2371 666 2443 A.
723 2371 990 2457 Primo,
1046 2370 1240 2468 ipsas
1285 2369 1422 2443 tibi
1482 2370 2017 2466 suppositiones
2074 2368 2308 2443 debeo
2365 2393 2538 2465 pro-

466 2508 740 2581 ponere
799 2495 894 2574 et,
951 2496 1037 2557 ut
1104 2508 1225 2558 eas
1286 2483 1677 2581 intelligas,
1732 2482 2122 2580 explicare.
2226 2481 2445 2555 Nosti
2494 2504 2541 2554 a

470 2597 880 2691 Copernico
968 2597 1465 2670 introductam
1549 2618 1707 2670 esse
1783 2595 2247 2692 hypothesim
2322 2594 2537 2684 hanc,

468 2732 729 2805 nempe
765 2720 1034 2783 terram
1069 2722 1276 2783 motu
1308 2733 1554 2783 annuo
1606 2709 2006 2806 circumagi
2043 2709 2240 2783 circa
2285 2708 2540 2797 solem,

469 2822 575 2894 ita
593 2834 675 2895 ut
696 2823 850 2895 axis
872 2824 1028 2919 ejus
1055 2846 1338 2919 semper
1364 2824 1505 2896 sibi
1527 2823 1811 2897 feratur
1833 2822 2246 2919 parallelos.
2321 2821 2543 2897 Quod

471 2945 715 3008 autem
743 2935 833 3008 de
867 2959 1002 3009 axe
1038 2934 1246 3023 dixit,
1272 2960 1525 3009 verum
1555 2959 1844 3033 quoque
1871 2946 1981 3008 est
2021 2934 2112 3008 de
2148 2936 2349 3008 omni
2399 2934 2545 3008 alia

470 3047 665 3122 linea
688 3060 894 3122 recta
925 3049 1002 3121 in
1040 3071 1343 3144 corpore
1373 3049 1653 3121 telluris
1683 3046 2166 3121 considerata.

569 3163 669 3235 B.
726 3162 894 3235 Scio
929 3163 1094 3248 hoc,
1130 3172 1349 3257 atque
1389 3161 1863 3258 hypothesim
1921 3159 2121 3233 illam
2174 3182 2311 3256 pro
2366 3180 2543 3232 vera

472 3276 725 3350 haberi
745 3275 966 3350 hodie
993 3300 1038 3349 a
1066 3274 1300 3349 doctis
1333 3274 1486 3347 fere
1514 3272 1876 3347 omnibus,

568 3391 660 3464 A.
716 3392 1007 3465 Motum
1058 3390 1256 3462 hunc
1319 3388 1638 3485 appellat
1702 3386 2042 3461 Hobbius
2099 3384 2545 3459 circularem

472 3504 897 3601 simplicem,
951 3503 1124 3599 quia
1179 3525 1392 3575 omne
1445 3512 1803 3597 punctum
1858 3514 2098 3590 terrae‚
2156 3498 2330 3572 dum
2387 3511 2550 3572 tota

473 3616 651 3690 facit
684 3641 893 3690 suum
923 3616 1299 3705 circulum,
1324 3614 1673 3687 describit
1713 3614 1828 3708 (ut
1848 3615 1943 3686 ab
1979 3637 2067 3686 eo
2095 3612 2546 3688 demonstra-

474 3741 630 3801 tum
693 3743 806 3803 est
857 3731 1045 3803 libro
1103 3752 1211 3803 nn
1272 3750 1681 3819 CORPORE,
1729 3752 1890 3824 cap.
1927 3729 2005 3802 ii.
2040 3738 2179 3801 art.
2217 3731 2283 3822 l)
2334 3751 2547 3801 suum

477 3866 765 3938 quoque
818 3843 1193 3916 circulum.
1245 3842 1522 3916 Eodem
1570 3843 1834 3939 capite,
1871 3853 2010 3916 art.
2056 3849 2169 3930 10,
2223 3839 2549 3913 ostendit

476 3979 521 4027 a
573 3968 779 4028 motu
834 3955 1171 4029 circulari
1231 3955 1562 4052 simplice
1593 3966 1873 4028 motum
1939 3953 2277 4050 generari
2327 3954 2550 4026 etiam

477 4068 912 4142 circularem
979 4069 1400 4167 simplicem.
1553 4071 1811 4167 Itaque
1889 4092 2056 4142 cum
2123 4067 2216 4141 ab
2284 4067 2550 4140 iisdem

479 4181 712 4255 doctis
748 4206 967 4255 causa
998 4195 1241 4257 motus
1292 4184 1516 4256 annui
1574 4194 1878 4279 putatur
1930 4204 2085 4254 esse
2139 4180 2270 4270 sol,
2327 4181 2550 4254 talem

479 4318 765 4390 quoque
796 4307 1074 4368 motum
1099 4297 1401 4370 ascribit
1435 4297 1592 4369 soli.
1695 4296 1790 4368 Et
1822 4294 1937 4367 his
1971 4291 2266 4389 quidem
2317 4295 2552 4392 hypo-

479 4408 802 4481 thesibus
829 4431 974 4481 non
1010 4408 1106 4482 ad
1144 4410 1327 4500 haec,
1364 4410 1495 4483 sed
1528 4408 1624 4484 ad
1677 4409 1821 4481 alia
1870 4408 2355 4505 phaenomena
2408 4407 2549 4482 sal-
