3094 5125
718 468 815 548 72
1149 487 1687 539 ΕΧΑΜΙΝΑΤῙΟ
1730 488 1832 540 ΕΤ
1867 489 2363 541 ΕΜΕΝοΑτιο

341 674 642 724 mancus
716 654 998 744 relati0‚
1054 656 1205 728 sive
1260 657 1731 753 comparatio.
1839 657 2090 730 Potest
2157 681 2333 751 ergo
2391 682 2542 731 una
2602 660 2816 733 ratio

346 833 358 849 .
465 765 529 805 ¹¹·
618 828 632 850 ,
716 782 993 869 quanta
1028 793 1206 858 esse,
1242 781 1327 842 ut
1360 783 1608 843 tamen
1641 770 1783 843 alia
1817 783 2096 868 quanta
2127 795 2276 843 non
2314 772 2431 845 sit.

815 884 913 958 B.
964 885 1234 956 Verum
1310 884 1509 957 diois.
1668 883 1815 957 Sed
1881 886 2070 957 ratio
2124 885 2566 981 aequalitatis
2626 884 2812 957 ideo

714 997 1004 1071 videtur
1039 1021 1195 1070 esse
1224 998 1621 1093 quantitaS,
1650 998 1823 1093 quia
1846 1008 1920 1071 et
1955 999 2112 1094 ipsa
2145 1001 2379 1094 major
2407 999 2523 1072 vel
2550 1000 2805 1071 minor

717 1135 938 1203 quam
972 1110 1115 1183 alia
1157 1110 1345 1183 ratio
1395 1133 1552 1183 esse
1587 1123 1853 1206 potest.
1935 1112 2072 1184 Est
2125 1112 2320 1184 enim
2365 1112 2557 1184 ratio
2593 1120 2642 1185 5
2698 1111 2799 1184 ad

719 1231 788 1311 5,
812 1223 1000 1295 ratio
1035 1222 1515 1318 aequalitatis;
1569 1223 1971 1319 eademque
2004 1225 2238 1319 major
2273 1249 2491 1320 quam
2525 1226 2718 1298 ratio
2750 1234 2800 1298 5

718 1336 811 1408 ad
847 1345 919 1423 6,
957 1350 1033 1408 et
1070 1336 1307 1409 minor
1342 1360 1562 1432 quam
1595 1336 1785 1409 ratio
1823 1347 1865 1409 5
1903 1337 2000 1411 ad
2035 1347 2104 1410 3.

822 1449 920 1522 A.
975 1448 1194 1522 Aliud
1249 1462 1362 1522 est
1411 1462 1702 1523 tantum
1753 1474 1911 1523 esse
1959 1449 2295 1524 absolute
2336 1463 2412 1524 et
2457 1449 2804 1522 solitarie

719 1574 1113 1658 sumptum,
1141 1561 1340 1635 aliud
1366 1563 1888 1660 comparative.
1959 1564 2180 1637 Ratio
2217 1564 2514 1660 quidem
2549 1587 2800 1659 aequa-

717 1676 944 1749 litatis
1002 1676 1235 1771 major
1294 1699 1447 1749 esse
1504 1688 1756 1773 potest
1815 1700 2034 1771 quam
2098 1677 2290 1750 ratio
2358 1675 2796 1771 quantitatis

719 1788 1021 1862 minoris
1055 1789 1148 1861 ad
1182 1790 1555 1885 majorem,
1592 1802 1678 1863 ut
1724 1802 1972 1862 tamen
2023 1790 2180 1885 ipsa
2229 1791 2602 1884 quantitas
2645 1813 2796 1862 non

718 1905 835 1978 sit.
970 1905 1302 2001 Exempli
1370 1928 1637 1978 causa:
1716 1905 2003 1977 etiamsi
2052 1914 2099 1978 0
2161 1904 2344 1976 nihil
2411 1904 2532 1993 sit,
2603 1903 2796 1977 ratio

717 2032 965 2092 tamen
1000 2026 1047 2093 Ο
1082 2018 1176 2091 ad
1224 2026 1271 2093 Ο
1320 2020 1554 2114 major
1603 2028 1716 2090 est
1762 2041 1982 2113 quam
2027 2017 2218 2091 ratio
2264 2026 2313 2091 0
2359 2016 2455 2090 ad
2499 2024 2658 2107 0-1‚
2719 2016 2799 2089 id

719 2145 833 2206 est
867 2156 1084 2228 quam
1118 2140 1165 2207 Ο
1202 2132 1294 2205 ad
1330 2132 1569 2204 minus
1604 2155 1824 2227 quam
1858 2139 1929 2206 Ο.

823 2246 919 2319 B.
976 2247 1142 2318 Hoc
1179 2245 1473 2340 quidem
1509 2268 1762 2317 verum
1803 2258 1917 2317 est
1952 2245 2028 2317 in
2063 2245 2384 2318 numeris
2418 2244 2532 2317 vel
2568 2267 2800 2339 quan-

721 2359 1055 2432 titatibus
1102 2358 1317 2430 fictis.
1395 2357 1540 2430 Sed
1574 2368 1886 2453 putasne
1922 2368 2003 2429 tu
2043 2357 2364 2430 rationes
2398 2357 2801 2431 censendas

723 2496 879 2545 esse
915 2471 1171 2543 eodem
1207 2470 1423 2542 modo
1460 2493 1604 2566 quo
1640 2470 1929 2543 numeri
1962 2470 2113 2542 ficti
2144 2469 2170 2541 ἓ

826 2585 922 2657 Α.
978 2584 1188 2658 Puto.

825 2698 922 2771 Β.
976 2698 1322 2770 Attamen
1363 2697 1731 2792 quomodo
1787 2697 1947 2768 fieri
1982 2708 2248 2792 potest,
2297 2709 2382 2769 ut
2430 2699 2619 2771 ratio
2667 2700 2801 2771 mi-

721 2811 924 2884 noris
974 2811 1069 2883 ad
1120 2812 1353 2906 majus
1408 2811 1782 2908 quantitas
1839 2811 1957 2899 sit,
2015 2835 2183 2883 eum
2248 2811 2438 2884 ratio
2495 2835 2660 2907 quae
2705 2813 2801 2885 sit

725 2923 850 2996 illa
884 2925 1139 3019 major,
1192 2946 1455 3020 nempe
1500 2924 1689 2995 ratio
1733 2924 2195 3017 aequalitatis,
2249 2924 2619 3020 quantitas
2653 2949 2802 2998 non

726 3037 822 3110 sit
853 3035 877 3109 Ρ

828 3150 925 3224 Α.
980 3150 1164 3223 Cum
1202 3149 1388 3222 ratio
1425 3150 1522 3221 sit
1550 3150 2045 3242 quantitatum
2073 3150 2544 3245 comparatiO,
2580 3174 2802 3247 expo·

726 3264 884 3336 sitis
921 3263 1199 3337 duabus
1238 3263 1774 3359 quantitatibus
1809 3263 2287 3358 inaequalibus
2316 3262 2539 3358 dupla
2570 3265 2806 3337 oritur

726 3377 1223 3473 comparati03
1285 3377 1517 3449 altera
1578 3376 1877 3448 minoris
1938 3376 2032 3448 ad
2084 3377 2458 3472 majorem,
2520 3378 2597 3450 in
2660 3402 2806 3475 qua

727 3491 1080 3585 quaeritur
1101 3503 1461 3586 quantum
1490 3490 1729 3562 minor
1754 3514 1799 3562 a
1822 3491 2093 3585 majore
2121 3501 2533 3585 superatum
2576 3490 2806 3564 altera

726 3605 1022 3699 majoris
1057 3603 1151 3675 ad
1184 3603 1568 3689 minorem,
1616 3626 1759 3697 qua
1794 3603 2148 3697 quaeritur
2183 3616 2538 3698 quantum
2573 3607 2808 3700 major

728 3716 1083 3788 minorem
1143 3728 1458 3811 superat.
1569 3715 1832 3811 Itaque
1894 3716 2081 3788 ratio
2132 3716 2649 3812 inaequalitatis
2697 3727 2807 3789 est

730 3828 1023 3924 duplex,
1108 3829 1339 3901 altera
1396 3829 1755 3924 defectu-9,
1840 3829 2072 3902 altera
2125 3852 2492 3901 excessus.
2597 3830 2806 3903 Sicut

729 3953 974 4016 autem
1025 3942 1310 4014 numeri
1358 3942 1737 4037 finguntur
1770 3943 1864 4014 ab
1899 3951 1971 4031 0,
2021 3966 2151 4016 seu
2184 3943 2434 4029 nihilo,
2479 3943 2805 4039 superari

728 4056 986 4129 iisdem
1031 4055 1431 4126 intervallis
1472 4054 1735 4149 quibus
1769 4055 2007 4150 ipsum
2044 4064 2116 4144 0,
2169 4079 2297 4128 seu
2338 4055 2541 4145 nihil,
2592 4079 2801 4153 supe·

727 4183 934 4242 ratur
967 4193 1012 4241 a
1046 4168 1364 4241 numeris
1399 4192 1547 4240 non
1576 4169 1765 4240 fictis
1794 4196 1811 4240 :
1866 4169 1970 4241 ita
2006 4171 2194 4242 ratio
2231 4170 2560 4267 defectus
2594 4194 2805 4267 supe-

726 4296 932 4356 ratur
958 4308 1001 4356 a
1027 4281 1307 4355 ratione
1337 4280 1788 4378 aequalitati-s·
1810 4283 2064 4355 iisdem
2095 4282 2518 4370 intervalliS‚
2545 4284 2804 4379 quibus

727 4394 886 4490 ipsa
919 4399 1301 4493 superatur
1338 4419 1382 4467 a
1420 4395 1826 4468 rationibus
1864 4420 2234 4469 excessus.
2338 4396 2430 4467 Et
2467 4420 2598 4491 per
2630 4419 2801 4469 con·
