3094 5125
663 491 1301 547 MATHEMATICAE
1343 490 1837 543 nonmRNAE.
2209 474 2305 538 33

334 662 431 735 Α.
486 660 819 735 Pronum
855 671 971 733 est
1003 658 1355 748 oblivisci,
1391 682 1559 754 quae
1591 681 1741 731 non
1777 656 2165 752 intellig-aa.

2419 682 2715 724 mamone

2542 764 2563 804 1

329 773 420 848 B.
473 775 616 847 Est
651 774 732 846 in
768 773 884 847 his
916 772 1110 846 illius
1138 772 1379 846 verbis
1413 771 1618 870 quod
1639 795 1790 845 non
1817 771 2058 844 minus
2091 793 2338 867 repre·
2416 789 2703 866 *γ’-μ

237 888 663 972 henderem,
703 911 929 984 quam
964 911 1052 960 ea
1087 910 1250 983 quae
1299 899 1406 977 tu,
1466 909 1889 982 quanquam
1933 885 2010 957 in
2044 908 2335 983 geome-

238 1001 390 1075 triae
421 1000 855 1097 professore
891 1001 1337 1097 turpissima,
1372 1001 1595 1075 modo
1630 999 2188 1096 reprehendisti.

331 1116 428 1189 A.
483 1113 699 1190 Quid
734 1114 917 1188 illud
950 1114 1117 1188 est?

329 1227 426 1301 B.
498 1226 729 1301 Oriri
771 1226 1045 1301 lineam
1095 1252 1189 1301 ex
1216 1228 1446 1322 fluxu
1483 1225 1778 1324 puncti,
1825 1226 2184 1299 traditum
2218 1236 2335 1298 est

244 1363 373 1413 non
404 1340 689 1439 inepte.

341 1454 435 1531 A.
488 1455 735 1529 Recte
770 1453 846 1526 id
883 1454 1083 1528 dicit.

337 1565 427 1641 B.
480 1569 604 1641 An
640 1579 1006 1664 punctum
1039 1568 1228 1642 fluit.

343 1680 434 1754 Α.
490 1680 840 1757 Quidni?

345 1791 434 1865 B.
488 1793 848 1866 Movetur
883 1816 1083 1889 ergo.

344 1906 434 1979 A.
485 1907 772 1980 Verum
810 1906 1017 1979 dicis.

347 2022 438 2097 B.
489 2022 921 2098 Aristotelis
955 2035 1091 2113 est,
1127 2024 1309 2097 nihil
1343 2023 1626 2095 moveri
1659 2034 1928 2118 praeter
1963 2045 2250 2118 corpus,

345 2133 428 2208 A.
475 2137 762 2211 Verum
798 2137 939 2209 hoc
989 2159 1301 2233 quoque.
1406 2136 1580 2208 Non
1618 2136 1812 2208 enim
1850 2136 2108 2231 puncti
2135 2136 2338 2208 nulla

261 2259 359 2322 aet
389 2250 793 2346 quantitaS‚
856 2249 987 2323 sed
1042 2250 1247 2323 nulla
1300 2259 1797 2345 computatur.
1903 2248 2061 2321 Nee
2096 2248 2335 2344 ipsum

260 2375 598 2456 punctum
635 2361 851 2452 nihil,
906 2374 1034 2436 aut
1078 2362 1520 2436 indivisibile
1561 2376 1698 2449 est,
1751 2361 1884 2435 sed
1914 2361 2333 2435 indivisum.

263 2476 503 2572 ltaque
538 2477 669 2575 qui
710 2476 967 2549 dicunt
1001 2474 1342 2549 tellurem
1377 2499 1532 2548 esse
1566 2488 1948 2573 punctum,
2000 2498 2152 2548 non
2202 2476 2339 2547 im-

263 2592 538 2688 proprie
572 2591 1006 2688 loquuntur,
1036 2590 1324 2686 quoties
1361 2590 1452 2663 de
1486 2614 1577 2663 ea
1602 2591 1872 2686 agitur,
1893 2589 2081 2663 utin
2107 2601 2342 2662 astro-

265 2706 514 2793 nomia,
571 2704 1038 2779 describente
1091 2704 1360 2778 lineam
1414 2716 1664 2777 motus
1724 2704 1973 2777 annui.
2077 2702 2341 2800 Neque

264 2813 460 2891 lineae
490 2818 813 2894 latitudo
851 2818 1054 2893 nulla
1103 2831 1241 2906 est,
1277 2817 1408 2891 sed
1454 2816 1659 2889 nulla
1703 2816 2213 2890 consideratur
2263 2818 2339 2889 in

268 2926 901 3006 demonstratione.
1005 2932 1304 3027 Alioqui
1359 2930 1808 3026 impossibile
1865 2942 2083 3020 esset,
2142 2930 2343 3026 quod

267 3045 569 3136 postulat
627 3044 997 3134 EuclideS‚
1060 3045 1332 3118 lineam
1389 3043 1704 3128 ducere;
1762 3055 1837 3118 et
1889 3068 2024 3141 per
2081 3067 2342 3118 conse-

271 3180 482 3251 quens
516 3170 679 3234 tota
716 3159 989 3255 periret
1022 3158 1351 3232 Euclidis
1383 3159 1812 3254 geometria.

361 3270 450 3342 B.
503 3273 762 3346 Recte.
850 3272 1146 3369 Negato
1180 3272 1376 3346 enim
1413 3271 1613 3367 quod
1643 3273 1881 3368 possit
1916 3272 2086 3345 duci
2119 3272 2338 3362 linea,

271 3401 486 3478 neque
519 3386 597 3458 in
634 3385 828 3459 illius
860 3385 1285 3473 ElementiS‚
1326 3407 1570 3480 neque
1604 3385 1681 3457 in
1723 3408 2161 3482 quocunque
2197 3385 2342 3459 alio

273 3491 436 3568 libro
459 3498 916 3595 geometrico
943 3497 1337 3594 quicquam
1367 3509 1572 3572 extat
1600 3498 2105 3573 demonstrati.
2162 3500 2341 3572 Esto

276 3628 432 3703 ergo
480 3635 737 3686 verum
799 3612 997 3709 quod
1050 3612 1172 3685 hic
1233 3611 1434 3686 dicit.
1550 3611 1813 3686 Certus
1873 3624 2122 3685 tamen
2178 3636 2341 3685 sum

278 3718 466 3796 aliter
536 3726 850 3799 sensisse
926 3726 1168 3821 ipsum
1260 3748 1430 3799 cum
1498 3724 1906 3797 Elem-Imm
1986 3726 2343 3800 scriberet

280 3845 513 3909 contra
547 3837 953 3927 Hobbium,
988 3836 1245 3911 eadem
1300 3836 1668 3910 dicentem
1704 3861 1871 3933 quae
1921 3862 2117 3912 nunc
2155 3839 2341 3915 dicis

282 3953 374 4033 tu,
405 3971 616 4045 quem
653 3952 747 4023 ob
782 3951 860 4024 id
892 3951 1132 4047 ipsum
1167 3952 1509 4024 convitiis
1545 3963 1826 4026 onerat.

367 4058 450 4133 A.
496 4064 738 4137 Tanto
801 4074 914 4137 est
972 4066 1309 4160 nequior.
1438 4065 1588 4139 Sed
1640 4068 2341 4162 pergamus—Non

286 4171 494 4246 minus
524 4187 732 4250 recte
766 4187 1032 4266 tamen,
1068 4204 1183 4253 me
1213 4177 1505 4274 judice,
1550 4179 1953 4270 diceretur,
2013 4182 2082 4254 si
2131 4205 2338 4279 mag-

282 4283 616 4362 nitudinis
663 4291 1125 4390 principium
1188 4290 1601 4366 diceremus
1681 4294 1956 4390 (prout
2014 4293 2136 4365 hic
2197 4293 2343 4366 loci

276 4396 615 4498 principii
659 4428 803 4477 vox
847 4405 1138 4481 videtur
1188 4405 1733 4504 intelligenda)
1789 4405 2036 4501 ipsam
2090 4416 2342 4480 exten-

462 4534 642 4589 vol..
673 4538 789 4589 lv,
2090 4538 2142 4590 n
