3094 5125
1711 489 1858 554 236

610 647 728 719 cui
783 646 1052 718 animal
1113 645 1532 718 includitur.
1679 645 1775 717 Et
1836 646 1939 718 sic
2009 645 2240 718 videri
2307 658 2552 742 potest
2614 648 2801 720 mori
2857 671 2903 720 a

608 764 1005 836 tenacitate
1059 764 1453 858 compressi
1488 763 1699 852 aeris,
1729 764 1934 858 quasi
1968 787 2160 858 aqua
2186 763 2649 849 suffocatum,
2684 765 2901 836 nimi-

610 904 797 970 rum,
834 882 1175 954 haustum
1227 881 1304 953 in
1356 880 1622 952 intima
1648 880 2076 975 pulmonum
2099 904 2343 952 aerem
2369 880 2585 953 solito
2622 881 2902 953 tenaci-

610 1020 836 1085 orem,
852 998 1045 1070 inter
1072 998 1418 1069 arteriam
1440 1010 1516 1069 et
1534 1021 1797 1070 venam
1821 998 2185 1093 pulmonis
2207 1022 2499 1071 cursum
2523 999 2902 1094 sauguinis

609 1115 1143 1210 intercipiendo
1175 1116 1455 1188 sistere.
1563 1114 1709 1187 Sed
1765 1139 1896 1187 cur
1952 1138 2114 1211 ego,
2153 1138 2317 1210 quae
2354 1139 2524 1187 mox
2571 1115 2898 1187 lecturus

608 1256 710 1320 eS,
746 1232 1120 1329 anticipo?
1225 1232 1416 1305 Nam
1469 1231 1949 1328 praejudicare
1993 1231 2128 1304 tibi
2164 1232 2355 1303 nolo.
2500 1232 2645 1304 Sed
2680 1233 2758 1304 in
2793 1256 2897 1318 re,

608 1374 771 1445 quae
806 1375 851 1422 a
884 1350 1213 1447 corporis
1253 1351 1555 1423 humani
1590 1360 1960 1423 structura
2011 1348 2442 1422 aestimanda
2498 1362 2630 1438 est,
2667 1349 2763 1422 ad
2822 1362 2897 1422 te

607 1468 955 1556 scribenS,
991 1467 1482 1564 adjiciendum
1509 1469 1650 1541 hoc
1686 1468 1939 1565 putavi
1976 1466 2067 1539 de
2094 1467 2626 1540 interfectionis
2649 1468 2895 1540 modo.

608 1585 883 1658 Praeter
949 1585 1451 1680 experimenta
1512 1585 1711 1657 circa
1771 1596 2112 1657 naturam
2166 1584 2377 1672 aeriS‚
2453 1608 2617 1680 quae
2688 1585 2896 1656 fuere

605 1704 860 1792 multa,
915 1714 991 1776 et
1026 1728 1188 1799 quae
1235 1703 1329 1775 ad
1363 1704 1739 1800 physicam
1793 1727 2030 1776 meam
2066 1702 2642 1775 confirmandam
2688 1703 2893 1798 quasi

605 1834 891 1894 naturae
928 1822 1231 1894 consilio
1271 1821 1591 1918 quodam
1638 1821 1885 1894 oblata
1937 1821 2241 1908 dicereS‚
2294 1821 2571 1893 habent
2631 1833 2707 1894 et
2751 1821 2896 1893 alia

606 1937 702 2011 ad
726 1950 973 2034 partes
994 1939 1314 2035 physicae
1350 1940 1526 2012 alias
1562 1938 2096 2020 conducentia;
2150 1938 2256 2009 ita
2287 1950 2368 2010 ut
2407 1937 2892 2011 dubitandum

602 2078 752 2127 non
799 2056 894 2127 sit
955 2056 1131 2152 quin
1187 2069 1595 2130 conventus
1648 2057 1752 2130 hii
1801 2055 2314 2152 promovendis
2359 2056 2682 2129 scientiis
2727 2056 2891 2148 plu-

605 2173 870 2245 rimum
906 2173 1003 2246 sit
1043 2173 1471 2269 profuturus
1517 2173 1936 2269 aliquando,
1973 2173 2050 2245 id
2104 2184 2238 2261 est,
2277 2197 2446 2246 cum
2507 2173 2890 2246 scientiam

601 2301 938 2364 motuum
975 2312 1221 2363 veram
1243 2305 1374 2363 aut
1406 2291 1823 2363 invenerint
1844 2291 2007 2387 ipsi,
2031 2302 2162 2364 aut
2188 2314 2425 2364 meam
2452 2293 2888 2386 receperint.

603 2407 796 2480 Nam
852 2408 1315 2495 conveniant,
1354 2407 1599 2479 studia
1644 2407 2051 2495 conferant,
2089 2408 2591 2503 experimenta
2615 2407 2892 2480 faciant

603 2538 958 2621 quantum
1019 2525 1297 2614 volunt,
1336 2526 1473 2599 nisi
1530 2537 1609 2599 et
1661 2526 2037 2624 principiis
2093 2538 2397 2600 utantur
2454 2527 2655 2618 meiS,
2706 2526 2891 2599 nihil

600 2644 1014 2739 proficient.
1155 2643 1521 2739 Ignorato
1609 2644 1803 2715 enim
1872 2653 2063 2716 motu
2135 2644 2481 2741 ignorari
2546 2652 2890 2716 naturam

598 2775 800 2834 recte
835 2761 1120 2833 censuit
1140 2761 1599 2834 Aristoteles.
1676 2762 1756 2834 Si
1782 2761 1876 2834 ad
1903 2760 2245 2834 scientias
2283 2763 2648 2835 sufficeret
2682 2761 2889 2857 inge-

597 2877 827 2966 nium,
857 2878 1060 2950 nulla
1112 2878 1323 2950 nobis
1383 2877 1692 2950 scientia
1717 2878 2151 2973 jamdudum
2187 2877 2554 2952 defuisset.
2674 2877 2890 2950 Nova

597 2995 796 3067 enim
828 2995 985 3067 haec
1034 2993 1431 3068 Academia
1481 2995 1792 3090 ingeniis
1847 2994 2178 3068 abundat
2229 2994 2879 3069 excellentissimis.

600 3112 747 3185 Sed
781 3113 979 3185 aliud
1014 3126 1126 3187 est
1177 3113 1579 3210 ingenium,
1616 3113 1813 3185 aliud
1862 3137 2004 3185 ars,
2109 3113 2291 3185 Arte
2352 3113 2470 3186 hic
2518 3137 2699 3208 opus
2740 3127 2878 3186 est.

601 3232 787 3304 Quae
822 3256 953 3327 per
1005 3245 1288 3304 motum
1342 3234 1555 3314 fiunt,
1607 3255 1860 3303 eorum
1912 3254 2151 3302 causae
2202 3254 2334 3326 per
2387 3231 2885 3325 cognitionem

595 3359 841 3420 motus
899 3349 1425 3444 investigandae
1496 3361 1717 3431 sunt;
1802 3372 1964 3443 quae
2037 3348 2389 3442 cogniti0‚
2459 3351 2882 3443 geometriae

595 3487 764 3560 pars
799 3465 1270 3556 nobilissima,
1320 3466 1676 3538 hactenus
1731 3466 2010 3538 intacta
2055 3478 2214 3547 est;
2270 3465 2410 3536 nisi
2447 3465 2641 3559 quod
2690 3466 2882 3538 hanc

597 3606 735 3677 ego
770 3583 959 3653 viam
999 3581 1164 3668 illis,
1204 3583 1510 3677 quinon
1570 3583 1665 3655 ad
1719 3584 2102 3655 victoriam
2157 3596 2541 3670 conantur,
2602 3582 2731 3654 sed
2785 3584 2882 3656 ad

595 3699 1005 3786 veritatem,
1043 3700 1501 3794 aliquatenus
1535 3701 1809 3796 praeivi.
1916 3699 2064 3772 Sed
2099 3699 2393 3788 frustra,
2447 3712 2531 3772 ut
2564 3700 2879 3789 videtur,

602 3816 777 3890 dum
811 3818 1004 3890 vivo.
1111 3819 1417 3890 Certant
1477 3819 1672 3890 enim
1721 3818 1913 3891 inter
1957 3842 2032 3889 se
2066 3818 2391 3890 viventes
2438 3818 2527 3890 de
2564 3819 2877 3913 ingenio

605 3931 949 4034 [Certant
986 3959 1273 4011 mecum
1307 3935 1586 4031 politici
1634 3935 1847 4008 multi
1883 3948 1958 4007 et
1993 3935 2229 4007 clerus
2289 3934 2379 4007 de
2426 3937 2591 4029 jure
2647 3937 2876 4032 regio,

596 4052 900 4125 Certant
968 4074 1250 4124 mecum
1325 4051 1415 4123 de
1482 4052 1890 4147 geometria
1959 4052 2587 4125 arithmeticorum
2648 4076 2879 4148 genus

596 4167 964 4263 quoddam
1013 4191 1310 4253 novum,
1347 4170 1556 4262 cujus
1576 4170 1955 4264 proprium
1993 4181 2102 4242 est
2139 4194 2352 4242 unum
2388 4170 2536 4242 sive
2573 4169 2648 4241 in
2672 4169 2880 4242 lineis

592 4285 743 4357 sive
778 4286 854 4357 iu
885 4285 1259 4382 quadratis
1295 4285 1708 4381 promiscue
1736 4298 2184 4382 computare.
2263 4287 2565 4360 Certant
2594 4311 2878 4360 mecum

596 4401 686 4473 de
723 4403 1024 4499 physica
1060 4427 1099 4475 e
1137 4403 1369 4476 Sociis
1411 4403 2070 4477 Greshamensibus
2099 4404 2228 4494 illi,
2265 4406 2528 4500 quibus
2563 4405 2880 4478 maxime
