3094 5125
604 497 748 563 356
1151 510 1705 564 PROBLEMATA
1744 509 2131 564 PHYsmA.

241 704 377 744 cn.
410 704 517 745 vu.
605 677 939 772 procedit
973 678 1163 750 actio
1197 702 1346 751 non
1382 703 1512 773 per
1545 678 1814 752 lineam
1845 677 2262 752 incidentiae
2297 679 2678 752 continua·

233 773 516 804 x--r--d

180 830 246 873 n„
264 837 387 873 mom
409 845 504 887 per,
606 804 783 879 tam,
821 790 950 863 sed
995 791 1069 863 in
1105 790 1269 880 alia,
1307 790 1402 864 ad
1446 791 2126 889 perpendicularem
2159 801 2677 887 convergente.

174 895 462 951 pendiculari.
498 903 581 941 etc.
708 905 807 977 Α.
861 904 1013 977 Cur
1048 906 1200 978 ita?

707 1017 805 1088 B.
860 1017 1173 1090 Ostendi
1194 1028 1365 1092 ante
1386 1018 1583 1116 quod
1604 1017 2003 1092 incidentia
2021 1029 2369 1114 operatur
2385 1028 2679 1090 tantum

603 1130 678 1202 in
714 1129 1321 1226 perpendiculari.
1429 1130 1576 1204 Sed
1611 1131 1826 1203 simul
1861 1144 2085 1227 atque
2119 1130 2311 1204 actio
2344 1129 2679 1227 procedit

602 1243 909 1316 ulterius
944 1268 1196 1318 versus
1231 1244 1544 1333 interna,
1581 1257 1928 1340 operatur
1959 1244 2227 1341 partim
2260 1244 2337 1317 in
2370 1266 2678 1340 perpen—

603 1356 933 1444 diculari,
967 1358 1237 1453 partim
1272 1359 1349 1429 in
1384 1356 1754 1430 incidente
1791 1359 2250 1431 continuata:
2288 1368 2680 1454 propterea

604 1469 803 1565 quod
839 1471 1073 1564 major
1100 1471 1255 1566 jam
1295 1470 1494 1543 facta
1545 1471 1965 1544 resistentia
2017 1482 2298 1544 motum
2344 1471 2549 1543 illum
2598 1470 2679 1542 in

603 1582 973 1657 incidente
1020 1584 1452 1657 continuata
1503 1582 1861 1674 debilitat,
1899 1594 1973 1657 et
2020 1583 2383 1657 convertit
2428 1606 2680 1656 versus

602 1696 1302 1793 perpendicularem.

705 1811 802 1883 A.
857 1810 946 1882 In
1001 1810 1424 1906 corporibus
1484 1808 1867 1904 diaphanis
1921 1831 2175 1881 verum
2226 1819 2407 1882 esto.
2533 1806 2684 1881 Sed

603 1934 774 1996 sunt
807 1946 1119 2019 corpora
1147 1922 1378 1995 multa
1403 1945 1534 2018 per
1564 1945 1728 2019 quae
1763 1922 2074 1996 transire
2106 1922 2355 1995 lumen
2382 1922 2683 1996 omnino

605 2060 751 2109 non
787 2047 1050 2130 potest.

709 2149 806 2222 B.
861 2148 1078 2222 Actio
1127 2148 1422 2243 quidem
1476 2172 1610 2246 per
1664 2172 1885 2245 quam
1937 2150 2023 2223 fit
2079 2148 2354 2238 lumen,
2401 2149 2685 2221 nullum

604 2286 752 2335 non
789 2285 1055 2357 corpus
1091 2275 1443 2357 permeat.
1549 2261 1742 2334 Nam
1777 2260 1972 2335 actio
2007 2261 2169 2335 haec
2218 2261 2495 2357 pressio
2543 2271 2682 2334 est.

609 2374 978 2472 Quicquid
1011 2385 1257 2447 autem
1293 2374 1670 2470 premitur,
1705 2374 1974 2469 premit
2008 2374 2085 2448 id
2119 2372 2315 2471 quod
2348 2373 2683 2471 proxime

606 2514 651 2564 a
704 2501 914 2585 tergo
970 2500 1125 2561 est:
1179 2500 1256 2561 et
1309 2487 1449 2559 hoc
1494 2486 1718 2574 aliud,
1764 2489 1838 2560 in
1902 2488 2297 2561 infinitum.
2402 2488 2687 2560 Lumen

606 2617 854 2676 autem
890 2624 1202 2698 corpora
1234 2600 1571 2696 quaedam
1616 2625 1767 2675 non
1811 2614 2166 2698 permeat.
2271 2602 2465 2674 Nam
2516 2624 2686 2698 par·

607 2716 792 2789 tium
840 2712 1298 2811 quorundam
1347 2737 1740 2808 corporum
1795 2715 2252 2789 internarum
2308 2727 2520 2788 tanta
2573 2725 2690 2787 est

608 2827 1065 2922 inaequalitas
1101 2837 1178 2898 et
1211 2824 1624 2899 differentia
1656 2826 1898 2921 quoad
1933 2828 2228 2922 figuraS,
2262 2838 2346 2899 ut
2381 2826 2574 2899 actio
2609 2826 2689 2898 in

610 2941 924 3013 transitu
971 2940 1373 3012 innumeris
1409 2939 1971 3013 refractionibus
2028 2953 2106 3014 et
2151 2940 2692 3013 reflectionibus

609 3054 716 3125 ita
767 3052 1212 3141 debilitetur,
1248 3064 1332 3125 ut
1380 3065 1776 3148 antequam
1824 3054 2332 3150 permeaverit‚
2377 3052 2689 3126 debilior

608 3167 739 3238 fiat
774 3190 993 3262 quam
1026 3177 1112 3239 ut
1143 3166 1220 3238 in
1257 3189 1535 3262 organo
1572 3166 1865 3239 videndi
1899 3167 2253 3241 visionem
2284 3166 2692 3262 producere

612 3281 864 3375 possit.
1192 3273 1197 3277 ’

714 3392 813 3464 Α.
869 3393 948 3465 Si
982 3415 1245 3488 corpus
1284 3390 1729 3488 diaphanum
1781 3391 2026 3482 fuerit,
2064 3406 2140 3467 et
2188 3393 2383 3466 actio
2428 3417 2692 3489 propa-

611 3517 827 3603 getur
861 3508 937 3579 in
966 3531 1230 3603 corpus
1258 3506 1456 3603 quod
1482 3507 1722 3579 minus
1748 3508 2075 3580 resistat:
2113 3507 2426 3603 exempli
2449 3530 2692 3595 causa,

615 3645 660 3692 a
695 3620 885 3692 vitro
921 3621 995 3692 in
1031 3643 1319 3693 aerem:
1373 3643 1519 3716 qua
1546 3621 1668 3693 via
1703 3619 1961 3693 tendet
1994 3621 2068 3694 iu
2107 3621 2234 3694 illo
2270 3619 2490 3693 aere?

719 3733 816 3808 B.
871 3735 936 3806 A
964 3747 1242 3830 puncto
1283 3733 1476 3806 unde
1512 3735 1840 3829 operatio
1878 3734 2053 3824 exit,
2092 3735 2405 3807 ducatur
2446 3733 2542 3806 ad
2574 3755 2694 3805 su-

612 3845 986 3942 perficiem
1020 3844 1190 3917 vitri
1228 3858 1433 3917 recta
1466 3846 2113 3941 perpendicularis
2217 3846 2433 3919 Actio
2460 3847 2617 3941 Jam
2653 3869 2699 3917 a

614 3960 1025 4033 resistentia
1050 3983 1268 4055 quam
1294 3982 1509 4055 passa
1543 3970 1701 4031 erat
1735 3958 2066 4048 liberata,
2097 3960 2426 4055 diverget
2459 3983 2505 4031 a
2536 3981 2695 4054 per-

613 4072 1067 4170 pendiculari
1102 4085 1458 4169 quantum
1486 4071 1580 4144 ad
1606 4072 2283 4168 perpendicularem
2317 4083 2492 4145 ante
2528 4094 2696 4145 con-

615 4186 991 4280 vergebat.

720 4299 818 4371 Α.
876 4298 1193 4374 Quando
1253 4298 1402 4394 pila
1458 4298 1806 4394 plumbea
1858 4298 2184 4395 sclopeto
2244 4298 2509 4371 emissa
2568 4318 2700 4393 per

621 4434 891 4496 aerem,
923 4424 1265 4507 penetrat
1299 4435 1589 4484 murum
1627 4425 1971 4496 terreum,
1996 4411 2322 4485 ‚etiamne
2357 4421 2535 4484 tunc
2566 4410 2700 4482 fiet

622 4522 967 4596 refractio
1007 4548 1255 4598 versus
1289 4524 2002 4622 perpendicularem?
