3094 5125
688 471 771 536 14
1112 481 1653 534 ΕΧΑΜῙΝΑΤῙΟ
1695 482 1799 533 ΕΤ
1836 482 2331 534 ΕΜΕΝΒΑΤῙΟ

301 676 600 717 immons
775 651 875 723 B.
927 649 1374 748 Exemplum
1428 674 1474 723 a
1526 647 1758 723 simili
1805 647 2121 721 derivari
2161 647 2391 731 dicit;
2445 647 2734 744 ideoque

307 825 323 844 ,
429 756 468 797 ¹·
582 827 592 841 .
675 787 827 837 non
862 761 1272 862 exemplum
1308 762 1437 836 sed
1471 761 1916 859 ext-emplum
1953 762 2220 835 debere
2255 761 2500 834 scribi.

776 875 872 948 A.
929 875 1207 951 Quidni
1262 887 1335 950 et
1386 899 1649 948 exsero
1694 898 1827 971 pro
1874 899 2124 964 exero,
2182 887 2256 947 et
2306 873 2584 946 exsisto
2616 898 2741 970 pro

675 990 940 1079 exista,
977 1004 1051 1063 et
1082 1014 1308 1062 exsuo
1341 1014 1477 1085 pro
1507 1013 1716 1074 exue,
1756 1000 1831 1061 et
1856 987 2221 1085 exsequiae
2245 1012 2382 1084 pro
2407 988 2745 1085 eoeequioe,

675 1113 751 1176 et
786 1102 1050 1176 similia
1081 1103 1315 1176 multa
1363 1102 1585 1175 scribi
1611 1103 1868 1198 jubet3
1925 1101 2170 1197 qualia
2211 1125 2426 1173 nemo
2461 1101 2748 1173 Latino-

672 1239 841 1288 rum
888 1240 1216 1313 unquam
1266 1214 1612 1311 scripsit?
1714 1215 1992 1288 Eadem
2046 1215 2242 1287 enim
2294 1226 2407 1287 est
2454 1214 2642 1287 ratio
2678 1215 2748 1286 in

674 1329 811 1417 his,
849 1352 1012 1424 quae
1046 1330 1122 1401 in
1157 1326 1583 1425 exemplum.
1689 1327 1927 1401 Credo
1954 1351 2280 1423 sperasse
2315 1327 2520 1400 illum
2558 1329 2749 1399 novi-

675 1452 828 1514 tate
883 1442 1021 1514 hac
1073 1442 1231 1514 fore
1282 1442 1482 1529 olim,
1538 1452 1619 1515 ut
1673 1441 2249 1536 distingueretur
2303 1441 2395 1512 ab
2443 1440 2748 1514 indoctis

676 1554 1093 1627 hominibus
1118 1555 1241 1649 huj
1254 1578 1335 1627 us
1362 1555 1613 1628 seculi.
1689 1553 1836 1626 Sed
1864 1566 2102 1626 errat:
2157 1554 2347 1627 sicut
2377 1554 2573 1626 enim
2602 1555 2750 1626 nul-

674 1666 817 1739 lius
837 1667 1244 1765 exemplum
1264 1680 1558 1740 secutus
1586 1681 1699 1740 est
1724 1667 1870 1755 ille,
1893 1667 1999 1739 ita
2023 1691 2238 1740 nemo
2265 1667 2459 1740 illius
2484 1691 2751 1740 exsem-

661 1778 873 1879 plum
923 1792 1036 1854 est
1086 1793 1544 1876 sequuturus.
1654 1779 1801 1853 Sed
1836 1803 2173 1875 quaenam
2221 1792 2391 1852 sunt
2428 1804 2538 1868 ea,
2592 1806 2751 1877 quae

676 1894 997 1991 appellat
1030 1895 1485 1969 condimenta
1507 1893 2032 1992 philosophica
2057 1897 2100 1965 2

775 2006 867 2080 B.
922 2009 1234 2093 Nescio;
1296 2008 1439 2082 nisi
1491 2030 1580 2080 ea
1631 2005 2000 2101 intelligat
2054 2029 2217 2100 quae
2273 2004 2617 2078 disseruit
2665 2006 2752 2078 de

674 2131 940 2195 natura
972 2121 1533 2210 mathematicae,
1572 2130 1648 2193 et
1674 2120 1767 2192 de
1791 2130 2056 2192 natura
2084 2118 2751 2193 demonstrationis.

775 2234 873 2306 A.
929 2236 1325 2330 Pergamus
1373 2259 1551 2329 ergo
1588 2232 1684 2305 ad
1729 2233 2011 2328 reliqua
2048 2232 2397 2328 Epistolae
2443 2232 2757 2306 Dedica-

674 2347 906 2419 toriae.
980 2348 1355 2419 Excusans
1382 2370 1459 2418 se
1487 2346 1685 2441 quod
1711 2345 1989 2418 tardius
2010 2345 2364 2440 prodierit
2389 2345 2576 2418 liber
2603 2350 2756 2443 ejus

673 2482 893 2554 quam
948 2470 1366 2555 speraverat
1397 2459 1856 2546 ;-Interea‚
1916 2459 2180 2555 inquit,
2238 2460 2595 2556 temporis
2645 2460 2757 2533 bis

672 2573 1108 2646 occurrebat
1136 2573 1629 2672 castigandus
1657 2573 1742 2644 H
1744 2572 1997 2645 obbius
2018 2600 2047 2655 ;
2081 2572 2365 2645 Latine
2388 2574 2713 2670 primum
2728 2602 2756 2657 ;

672 2685 1004 2758 Elencko
1031 2710 1184 2758 meo
1221 2686 1296 2758 in
1331 2685 1572 2784 ipsum
1599 2685 1824 2774 edito,
1853 2710 1997 2782 quo
2030 2684 2272 2783 ipsine
2300 2686 2376 2758 in
2411 2685 2604 2757 libro
2633 2688 2752 2760 DE

674 2799 1068 2873 CORPORE
1119 2811 1527 2890 ἀγεωμετρησὶα
1575 2798 2033 2897 castigatur,
2083 2807 2157 2870 et
2183 2798 2463 2896 fastus
2510 2801 2756 2898 repri-

671 2913 896 2985 mitur
908 2939 938 2995 ,·
986 2911 1247 2984 deinde
1282 2921 1358 2984 et
1390 2909 1733 3010 Anghm,
1782 2910 1868 2983 ob
1912 2911 2274 3009 scriptum
2321 2911 2562 3009 ipsius
2597 2914 2754 2986 An-

664 3024 1039 3123 glicanum
1074 3023 1749 3120 convitiissartum‚
1773 3049 1915 3121 quo
1940 3047 2281 3096 scurram
2303 3025 2498 3121 agit,
2521 3023 2754 3117 ᾇτ’.-

674 3138 841 3210 Hoc
867 3138 1089 3212 habet
1123 3137 1481 3210 mercedis
1516 3139 1612 3211 ob
1647 3137 2022 3234 politicam
2058 3161 2289 3225 suam,
2325 3137 2751 3212 Leviathan.

717 3318 722 3321 .
769 3248 863 3322 Β.
918 3251 1253 3325 Fortasse
1274 3251 1645 3324 Wallisius
1675 3261 1936 3323 contra
1956 3249 2162 3322 illum
2182 3249 2412 3322 iratus
2439 3251 2753 3347 scripsit,

671 3375 750 3436 et
783 3374 990 3437 tanto
1025 3365 1376 3461 asperiuS,
1436 3376 1715 3460 quanto
1764 3364 1950 3436 liber
2000 3363 2122 3436 ille
2168 3364 2585 3437 hominibus
2623 3364 2754 3438 ho·-

672 3476 898 3549 nestis
928 3478 1159 3572 magis
1187 3476 1489 3572 placuit.
1595 3476 1740 3549 Sed
1767 3476 2144 3549 videamus
2169 3500 2265 3549 an
2292 3477 2368 3549 in
2395 3478 2536 3550 hoc
2564 3478 2752 3552 libro

671 3588 1003 3679 Wallisii,
1037 3589 1221 3662 nihil
1255 3589 1351 3661 sit
1384 3588 1584 3684 quod
1620 3601 1989 3661 mereatur
2025 3589 2390 3684 castigari.

768 3698 862 3776 A.
914 3702 1456 3775 Accedentibus
1520 3702 1679 3795 jam
1748 3701 1844 3774 ad
1889 3702 2128 3797 ipsum
2197 3726 2379 3798 opus
2467 3705 2755 3778 mathe-

670 3816 1046 3904 maticum,
1098 3815 1226 3888 ubi
1273 3815 1589 3888 orationi
1634 3814 2057 3889 scientificae
2103 3815 2423 3889 debitam
2469 3828 2753 3905 ἀκρίβειαν

670 3929 963 4025 exigere
1004 3952 1154 4001 non
1189 3928 1408 4001 modo
1443 3928 1778 4024 iniquum
1826 3952 1975 4002 non
2012 3940 2146 4018 est,
2199 3928 2328 4002 sed
2364 3930 2587 4002 etiam
2620 3955 2750 4003 ne-

670 4042 1086 4130 cessarium,
1140 4040 1489 4139 quicquid
1538 4066 1690 4114 non
1742 4044 2288 4117 accuratissime
2324 4042 2627 4134 dictum,
2672 4045 2749 4116 id

667 4158 974 4231 liberum
1019 4156 1161 4229 erit
1216 4155 1775 4251 reprehendere.
1879 4156 1990 4230 De
2027 4158 2245 4231 rebus
2292 4158 2513 4246 enim,
2568 4183 2747 4255 qua-

667 4291 833 4342 rum
866 4269 1171 4343 scientia
1205 4279 1409 4342 certa
1441 4292 1598 4342 esse
1631 4279 1899 4365 potest,
1948 4269 2143 4343 idem
2179 4283 2289 4343 est
2334 4294 2481 4344 non
2529 4296 2745 4345 accu-

666 4394 851 4472 rate,
887 4395 964 4456 et
994 4381 1176 4457 false
1212 4382 1477 4456 dicere.
1583 4383 1842 4478 Itaque
1878 4382 2004 4479 qui
2042 4396 2346 4480 propter
2380 4384 2744 4460 inscitiam
