3094 5125
582 452 726 517 252
1216 466 1324 516 DE
1364 465 1708 518 NATURA
1749 465 2023 517 Amas,

582 630 825 705 vanda
877 633 1135 705 utitur.
1242 633 1390 705 Sed
1446 634 1537 706 de
1590 658 1822 708 vacuo
1879 634 2211 707 dicturus
2263 644 2338 707 et
2397 645 2662 706 natura

581 744 796 832 aeriS‚
834 744 1050 817 aliam
1086 745 1391 818 assumit
1429 747 1921 843 hypothesim,
1957 748 2173 836 hanc,
2209 746 2408 843 quod
2464 758 2662 819 terra

577 869 864 930 motum
898 857 1040 931 sibi
1094 859 1472 953 proprium
1531 860 1779 945 habet,
1817 860 1910 932 ab
1971 859 2131 954 ipsa
2181 870 2449 932 natura
2508 859 2659 931 sive

579 971 953 1044 creatione
999 984 1408 1067 acceptum,
1447 972 1671 1045 etiam
1728 970 2174 1044 circularem
2227 971 2655 1069 simplicem.

575 1083 672 1156 Et
704 1107 836 1179 per
857 1084 1431 1180 suppositionem
1458 1086 1651 1159 hanc
1687 1085 1918 1158 multa
1945 1083 2034 1157 de
2087 1085 2324 1157 causis
2359 1096 2657 1157 natura-

576 1196 767 1269 libus
802 1198 1185 1292 perspicue
1215 1197 1721 1281 demonstrat:
1775 1222 1937 1271 eam
1971 1210 2219 1271 autem
2257 1198 2490 1293 qualis
2536 1199 2654 1284 sit,

570 1312 684 1384 sic
720 1311 1110 1408 intelligeS.
1168 1313 1387 1386 Sume
1424 1313 1561 1386 tibi
1596 1314 1671 1385 in
1708 1336 1968 1386 manus
2003 1312 2317 1408 pelvem,
2346 1311 2423 1383 in
2451 1313 2656 1406 cujus

574 1424 804 1499 fundo
840 1426 935 1498 sit
985 1427 1523 1522 aliquantulum
1578 1451 1834 1523 aquae:
1895 1424 2655 1522 quantulumcunque,

575 1538 796 1611 modo
867 1539 1174 1614 visibile.
1289 1540 1556 1614 Nonne
1614 1554 1827 1636 potes
1885 1552 1969 1613 tu
2029 1540 2370 1635 aquulam
2432 1538 2654 1627 illam,

574 1652 860 1748 pelvem
911 1653 1298 1741 movendo,
1346 1655 1453 1727 ita
1509 1677 1827 1739 movere,
1887 1665 1972 1727 ut
2040 1654 2318 1726 circum
2381 1664 2652 1740 currat,

578 1765 867 1838 elevans
904 1790 1005 1853 se,
1044 1766 1240 1839 circa
1261 1766 1489 1863 pelvis
1516 1767 1971 1863 superficiem
2008 1766 2455 1839 concavam?

676 1877 768 1952 B.
823 1879 1150 1968 Possum,
1189 1890 1264 1952 et
1296 1879 1662 1952 facillime.
1768 1880 1962 1952 Nam
2014 1879 2299 1976 pelvem
2343 1890 2654 1974 utraque

576 2016 798 2064 manu
835 2016 1339 2089 comprensam
1375 1993 1673 2089 agitabo
1711 1993 2211 2075 circulariter;
2248 1992 2380 2064 sed
2411 2003 2495 2064 ut
2516 1992 2656 2063 cir-

575 2106 777 2179 culos
831 2105 1054 2180 faciat
1091 2106 1302 2179 valde
1337 2131 1624 2202 parVOS,
1682 2130 1775 2178 ne
1821 2129 2011 2201 aqua
2056 2104 2325 2177 exiliat.
2434 2103 2657 2178 Quod

576 2244 744 2292 cum
794 2220 1083 2307 faciam,
1114 2244 1320 2316 aqua,
1363 2244 1526 2315 quae
1562 2220 1639 2290 in
1693 2219 1922 2291 fundo
1973 2229 2155 2306 erat,
2216 2218 2372 2290 sine
2429 2216 2651 2290 dubio

574 2345 901 2429 exurget,
950 2344 1026 2406 et
1081 2356 1212 2429 per
1265 2333 1719 2428 superficiem
1784 2332 2014 2428 pelvis
2070 2354 2468 2404 concavam
2510 2331 2650 2402 cir-

573 2448 946 2519 cumfluet.

673 2556 766 2633 A.
824 2557 971 2632 Sed
1006 2569 1248 2630 motus
1296 2556 1490 2630 illius
1538 2556 1934 2646 circularis,
1971 2556 2141 2654 quia
2176 2569 2542 2631 moturum
2578 2567 2653 2630 te

574 2671 756 2745 dicis
813 2672 1100 2768 pelvem
1153 2685 1461 2767 utraque
1523 2695 1746 2744 manu
1805 2670 2283 2761 circulariter,
2339 2671 2463 2743 ubi
2512 2671 2656 2743 erit

574 2785 962 2858 centrum?

676 2899 773 2972 B.
830 2896 1235 2971 Centrum?
1361 2898 1914 2994 Inexpectatum
1979 2896 2120 2969 hoc
2188 2895 2394 2970 dicis.
2508 2897 2650 2970 Re-

572 3011 896 3106 spondeo
932 3023 1204 3100 tamen,
1241 3024 1495 3085 centra
1529 3022 1723 3101 sunt,
1758 3035 1905 3084 non
1945 3035 2196 3096 unum,
2233 3010 2361 3083 sed
2396 3011 2649 3105 plura;

570 3137 680 3197 tot
716 3123 936 3198 credo
961 3137 1141 3221 quot
1174 3136 1481 3220 possunt
1514 3126 1592 3197 in
1616 3149 1920 3220 corpore
1947 3124 2176 3221 pelvis
2205 3123 2652 3197 considerari

568 3248 868 3334 puncta,
906 3249 981 3311 et
1044 3238 1277 3335 (quod
1323 3240 1683 3335 sequitur)
1745 3239 2050 3312 totidem
2110 3238 2408 3327 circelli,
2453 3239 2647 3335 iique

567 3351 762 3424 inter
797 3376 875 3425 se
912 3354 1248 3449 aequales,

670 3465 767 3537 A.
823 3466 1291 3562 Descripsisti
1344 3490 1520 3562 ergo
1576 3476 1861 3540 motum
1914 3466 2143 3555 illum,
2180 3490 2398 3562 quem
2435 3478 2649 3540 vocat

571 3578 907 3652 Hobbius
943 3578 1381 3651 circularem
1414 3579 1817 3677 simplicem
1846 3607 1874 3663 ,·
1926 3580 2068 3653 nisi
2104 3579 2301 3676 quod
2333 3602 2466 3675 per
2500 3580 2650 3653 cir-

567 3693 894 3767 cularem
970 3692 1317 3789 intelligit
1384 3692 1508 3766 ille
1579 3703 1860 3766 motum
1929 3694 2004 3766 in
2074 3716 2151 3766 se
2215 3693 2650 3766 redeuntem

567 3807 988 3904 quemlibet.

671 3920 767 3993 B.
823 3919 946 3992 Sic
982 3916 1312 4012 intelligo
1340 3941 1629 4013 quoque
1667 3942 1828 4014 ege.
1903 3916 2108 3990 Nihil
2143 3928 2254 3990 est
2288 3930 2650 4014 conceptu

563 4033 872 4106 facilius.
979 4033 1449 4128 Supponatur
1512 4055 1711 4127 erg0,
1772 4042 1859 4104 nt
1903 4031 2143 4128 jubeS,
2206 4031 2429 4103 talem
2491 4055 2649 4104 esse

566 4147 847 4220 telluris
881 4156 1163 4220 motum
1210 4144 1648 4218 circularem
1704 4144 2130 4243 simplicem,
2168 4147 2499 4218 naturae*
2536 4146 2647 4242 ip-

566 4261 713 4333 sius
748 4260 1246 4356 congenitum.

1316 4459 1349 4492 ¹*
1397 4455 1497 4516 Sic
1524 4456 1683 4514 Edit.
1722 4457 1893 4514 1668.
