3094 5125
730 492 875 571 476
1541 514 1650 565 DE
1698 514 1998 565 Munus

345 699 675 744 Appnnmx.
731 701 909 773 ergo
945 678 1246 769 DC‚Dh,
1280 680 1449 765 DX,
1484 680 1616 754 DF
1660 681 2013 755 continue
2051 678 2673 775 proportionales
2705 706 2726 750 ε
2778 690 2854 750 et

731 791 871 881 Db,
909 792 1054 865 DX
1088 793 1348 867 mediae
1385 795 1730 888 quaesitae.

734 978 737 983 .
832 905 913 980 Si
973 907 1137 1002 quis
1197 906 1271 980 in
1334 908 1475 980 hac
1545 907 2170 980 demonstratione
2237 904 2858 1002 propositionem

728 1016 987 1091 falsam
1022 1031 1152 1092 aut
1187 1044 1339 1093 non
1392 1020 1877 1093 necessariam
1931 1020 2342 1093 illationem
2390 1015 2858 1101 ostenderit,

730 1131 953 1205 modo
990 1134 1325 1207 convitiis
1361 1157 1439 1206 se
1473 1134 1865 1223 abstineat,
1909 1133 2084 1226 (etsi
2130 1132 2312 1206 mihi
2357 1154 2586 1205 meus
2644 1150 2862 1203 error

731 1244 1021 1341 placere
1083 1269 1234 1319 non
1291 1248 1596 1342 potest),
1653 1246 1948 1321 veritati
2002 1259 2252 1320 tamen
2314 1244 2650 1318 studens
2702 1265 2861 1315 non

730 1357 979 1453 inique
1012 1358 1267 1432 feram.
1373 1360 1520 1434 Sed
1567 1372 1653 1433 ut
1708 1385 1797 1434 eo
1851 1361 2087 1434 solum
2145 1360 2445 1432 nomine
2492 1378 2860 1442 accuser,

732 1471 930 1566 quod
981 1484 1375 1569 postquam
1432 1473 1529 1547 ad
1585 1475 2213 1547 constructionem
2266 1470 2859 1568 assumpsissem

729 1584 1048 1658 mediam
1083 1587 1706 1682 proportionalem
1745 1588 1938 1660 inter
1985 1598 2376 1673 extremaS,
2423 1584 2859 1658 medietate

730 1697 857 1771 illa
888 1723 1039 1772 non
1074 1723 1238 1773 sum
1269 1724 1467 1788 usuS,
1503 1701 1836 1798 iniquum
1869 1713 2004 1774 est.
2110 1700 2384 1773 Dicant
2417 1698 2695 1784 velim,
2729 1695 2861 1768 illa

730 1812 985 1909 regula
1018 1838 1064 1886 a
1098 1837 1244 1908 quo
1280 1815 1634 1910 magistro
1687 1814 1942 1910 logicae
1984 1814 2320 1909 profecta
2355 1824 2490 1902 est,
2531 1825 2635 1885 ut
2676 1832 2854 1883 cum

730 1926 1085 2021 magistro
1146 1927 1303 2021 ipso
1355 1927 1857 1999 controversia
1914 1925 2095 1999 mihi
2145 1927 2266 1999 sit.
2372 1925 2503 1999 Sin
2551 1924 2853 1998 nullius

729 2040 1088 2135 magistri,
1126 2039 1254 2112 sed
1301 2064 1448 2112 suae
1484 2041 1806 2136 ipsorum
1843 2039 2253 2137 prudentiae
2289 2037 2682 2111 dictamen
2721 2036 2848 2122 sit,

726 2153 1119 2227 ostendant
1174 2177 1334 2228 esse
1389 2154 1793 2227 infallibile.
1899 2152 2122 2229 Quod
2176 2151 2427 2225 dicant
2486 2153 2662 2224 sine
2715 2174 2846 2222 ex-

728 2267 969 2364 emplo
1031 2291 1213 2356 esse,
1266 2268 1448 2340 nihil
1507 2292 1802 2349 moror:
1867 2291 2185 2362 quaeram
2240 2266 2437 2339 enim
2471 2264 2844 2348 vicissim,

728 2380 891 2475 quis
925 2380 1067 2454 fuit
1100 2380 1223 2454 ille
1260 2382 1385 2477 qui
1432 2382 1577 2455 alia
1629 2381 1977 2455 methodo
2038 2379 2619 2477 duplicationem
2661 2375 2840 2451 cubi

726 2492 1281 2568 demonstravit.
1417 2494 1758 2568 Euclides
1829 2493 2094 2568 multas
2164 2494 2390 2567 habet
2459 2494 2539 2567 in
2608 2490 2839 2567 initio

722 2605 1272 2681 Elementorum
1331 2607 1822 2698 definitioneS,
1859 2609 2122 2705 quibus
2169 2621 2417 2682 tamen
2452 2629 2835 2706 nusquam

721 2719 981 2791 utitur.
1069 2720 1186 2793 An
1225 2718 1694 2793 definitiones
1729 2721 1826 2795 ad
1871 2721 2537 2795 demonstrationes
2573 2722 2830 2795 minus

720 2832 1147 2904 necessariae
1182 2842 1377 2920 sunt,
1407 2857 1628 2929 quam
1663 2846 2057 2930 assumpta.
2147 2834 2522 2931 Analytici
2558 2855 2832 2908 omnes

720 2956 1106 3017 assumunt
1163 2944 1442 3041 aliquid
1488 2945 1871 3041 ignotum
1927 2946 2063 3019 etsi
2115 2946 2207 3018 ab
2255 2947 2515 3042 ignoto
2567 2971 2714 3043 per
2747 2968 2828 3018 se

719 3066 981 3127 notum
1014 3057 1176 3129 fieri
1211 3058 1393 3130 nihil
1443 3071 1687 3154 potest
1718 3088 1736 3132 ε
1791 3058 1924 3132 sed
1958 3082 2098 3155 ope
2133 3059 2451 3132 aliorum
2484 3083 2829 3156 praecog-

720 3168 1044 3260 nitorum
1102 3172 1561 3267 problemata
1608 3172 1844 3245 multa
1892 3185 2024 3245 aut
2080 3173 2397 3263 solvunt,
2453 3186 2583 3247 aut
2633 3172 2822 3249 solvi

719 3305 873 3355 non
906 3307 1123 3378 posse
1160 3284 1694 3361 demonstrant.
1779 3286 1898 3359 An
1925 3310 2181 3359 verum
2209 3287 2535 3384 positum
2569 3290 2819 3363 minus

719 3395 1015 3485 valebit,
1052 3421 1273 3493 quam
1305 3424 1441 3495 pro
1476 3424 1652 3474 vero
1711 3401 2166 3496 suppositum
2212 3400 2515 3474 dubium
2551 3402 2577 3474 ?
2677 3404 2817 3477 Er-

720 3519 890 3598 rant
924 3511 1048 3605 qui
1083 3511 1191 3584 sic
1242 3514 1590 3588 sentiunt.
1692 3514 1964 3586 Verum
2013 3515 2207 3587 enim
2254 3526 2411 3587 tam
2446 3516 2555 3589 sui
2593 3538 2813 3613 quam

719 3621 886 3695 falsi
919 3622 1141 3696 index
1175 3635 1309 3708 est,
1346 3637 1431 3698 ut
1465 3650 1510 3698 a
1543 3650 1689 3723 quo
1725 3626 1909 3700 nihil
1944 3627 2082 3700 nisi
2117 3651 2371 3701 verum
2410 3628 2811 3702 derivatur.

733 3811 737 3820 ,
824 3736 972 3810 Sed
1026 3760 1119 3812 ne
1174 3736 1352 3831 quid
1403 3739 1826 3812 omittamus
1862 3740 2060 3835 quod
2105 3741 2548 3836 problemati
2580 3739 2811 3815 nobili

719 3850 1337 3947 perspecuitatem
1392 3851 1784 3925 allaturum
1840 3853 2197 3941 videatur,
2245 3855 2557 3928 eandem
2609 3877 2811 3928 nunc

721 3964 1268 4038 conclusionem
1327 3964 1421 4037 ab
1479 3990 1567 4039 eo
1631 3967 1790 4063 ipso
1855 3966 2541 4058 demonstrabimus,
2611 3964 2807 4066 quod

720 4089 929 4156 recta
975 4077 1109 4151 AO
1169 4078 1467 4174 aequalis
1525 4093 1819 4175 sumpta
1885 4080 1982 4154 sit
2036 4092 2257 4154 rectae
2311 4081 2468 4171 DE,
2531 4080 2610 4154 id
2672 4092 2808 4168 est,

719 4183 984 4265 me‘diae
1019 4192 1554 4288 proportionali
1590 4193 1785 4266 inter
1820 4206 2184 4267 extremas
2220 4194 2355 4268 AD
2392 4205 2470 4267 et
2504 4194 2670 4268 DV.

824 4304 1171 4382 Sumatur
1223 4305 1302 4381 iu
1358 4306 1588 4382 latere
1626 4305 1758 4382 DC
1793 4317 1998 4383 recta
2032 4306 2161 4382 DF
2198 4306 2497 4405 aequalis
2533 4307 2693 4398 DV,
2731 4316 2812 4382 et
