3094 5125
1101 508 1209 560 Dr,
1251 510 1591 565 NATURA
1629 511 1907 565 Aulus.
2387 495 2532 563 265

451 672 713 745 minari
790 672 1240 772 (quanquam
1311 677 1850 772 phaenomenon
1921 676 2105 751 illud
2191 688 2535 751 constans

451 808 597 857 non
636 786 764 878 sit)
805 811 851 860 a
883 788 1168 861 ratione
1202 789 1521 863 alienum
1558 816 1707 864 non
1743 802 1878 881 est,
1926 804 2002 865 et
2055 791 2298 864 dicere
2334 791 2535 885 quod

449 897 842 994 aliquando
897 924 1047 991 aer,
1100 925 1141 974 e
1177 903 1582 999 parietibus
1637 904 1908 977 fodinae
1953 906 2044 977 ab
2084 905 2285 977 omni
2320 904 2536 977 simul

450 1023 658 1105 parte
728 1013 1037 1100 efflatus,
1105 1014 1603 1088 velocissimus
1662 1028 1737 1088 et
1795 1018 2149 1112 oppositis
2217 1018 2539 1090 motibus

449 1123 776 1198 fodinam
823 1126 1147 1222 impleat.
1272 1128 1465 1200 Nam
1518 1129 1775 1202 eadem
1836 1131 2084 1202 omnia
2143 1141 2540 1226 sequentur

451 1261 612 1332 quae
648 1239 719 1310 in
759 1239 1184 1335 recipiente.
1308 1241 1733 1314 Mirandum
1794 1242 2022 1338 igitur
2075 1267 2227 1315 non
2289 1257 2425 1332 est,
2478 1242 2540 1316 si

451 1351 754 1424 effectus
788 1352 936 1424 sint
972 1353 1361 1448 utrobique
1396 1353 1692 1428 similes.

554 1465 650 1537 B.
703 1466 1030 1539 Extincti
1052 1467 1275 1539 semel
1303 1470 1660 1542 carbones
1690 1492 1821 1542 cur
1843 1468 2343 1542 reviviscunt?
2445 1470 2541 1543 Et

453 1589 862 1650 cessantem
932 1580 1156 1652 semel
1214 1581 1443 1653 vitam
1514 1581 1884 1679 quomodo
1946 1581 2314 1677 recipiunt
2382 1583 2539 1655 ani-

451 1688 719 1762 malia?

552 1803 650 1876 A.
704 1803 817 1875 De
855 1828 942 1875 ea
970 1828 1050 1878 re
1081 1805 1259 1901 quid
1296 1806 1624 1879 sentiunt
1645 1807 1872 1879 vestri
1902 1806 1928 1879 ἓ

551 1917 650 1988 B.
706 1917 936 1990 Fuere
973 1941 1228 1990 eorum
1273 1918 1523 2015 aliqui,
1563 1920 1688 2013 qui
1725 1919 2161 1992 remansisse
2199 1919 2542 1993 dixerunt

452 2028 525 2100 in
566 2030 1004 2103 carbonibus
1040 2031 1205 2120 illis,
1253 2055 1675 2128 quanquam
1736 2032 2044 2105 extincti
2079 2031 2540 2120 videbantur,

452 2143 846 2238 particulas
886 2144 1234 2240 quasdem
1272 2147 1552 2242 igneaS,
1591 2169 1756 2240 quae
1808 2145 2128 2219 admisso
2165 2169 2331 2218 aere
2367 2168 2545 2217 ven-

453 2256 683 2330 tilatae
718 2270 1062 2331 caeteram
1090 2260 1357 2332 molem
1394 2259 1636 2332 denuo
1665 2258 2184 2332 accenderunt.

550 2368 643 2443 A.
699 2371 838 2443 Nae
872 2372 1001 2459 illi,
1041 2396 1207 2467 quae
1235 2372 1590 2460 dicerent,
1620 2396 1766 2444 non
1791 2371 2134 2444 videntur
2155 2371 2544 2467 cogitasse,

454 2483 581 2557 sed
642 2485 940 2557 sortitos
1002 2509 1182 2559 esse.
1313 2485 1610 2558 Credin'
1674 2495 1780 2574 tu,
1817 2484 1891 2557 in
1941 2485 2257 2557 carbone
2308 2484 2544 2581 ignito

452 2610 734 2694 partem
767 2598 1086 2695 aliquam
1122 2625 1274 2674 non
1310 2601 1730 2686 carbonem,
1766 2598 1895 2671 sed
1932 2600 2176 2694 ignem
2204 2622 2385 2688 esse,
2414 2611 2545 2671 aut

453 2712 528 2783 in
566 2711 929 2784 candente
963 2712 1160 2785 ferro
1200 2724 1488 2809 partem
1524 2712 1764 2785 inesse
1814 2711 2013 2806 quod
2069 2712 2345 2784 ferrum
2392 2736 2544 2785 non

456 2825 575 2919 sit,
604 2825 736 2898 sed
768 2825 959 2921 ignis
989 2824 1015 2896 1«
1118 2827 1233 2899 Ab
1264 2827 1483 2899 unica
1516 2826 1839 2898 scintilla
1872 2849 2160 2921 magnae
2194 2826 2397 2898 urbis
2433 2827 2546 2898 in-

455 2938 797 3010 cendium
831 2939 1037 3011 nasci
1099 2951 1366 3035 potest.
1469 2939 1699 3036 Atqui
1752 2939 1812 3011 si
1873 2938 2064 3034 ignis
2127 2963 2394 3034 corpus
2451 2941 2545 3013 ab

456 3050 690 3146 ignito
753 3052 1119 3125 diversum
1156 3052 1275 3139 sit,
1314 3075 1463 3124 non
1494 3052 1740 3148 plures
1775 3065 2081 3147 potuere
2111 3075 2270 3124 esse
2296 3064 2546 3148 partes

455 3166 690 3260 igneae
725 3168 802 3239 in
831 3180 990 3240 toto
1026 3166 1392 3255 incendi0,
1429 3190 1651 3263 quam
1686 3166 1764 3238 in
1788 3190 1936 3239 una
1965 3166 2091 3238 illa
2126 3166 2546 3240 scintillula.

456 3279 807 3354 Videmus
855 3304 1167 3375 corpora
1202 3279 1662 3352 diversorum
1695 3301 2050 3373 generum
2085 3302 2130 3350 a
2163 3277 2327 3352 luce
2375 3279 2547 3354 solis

454 3404 608 3466 tam
640 3417 774 3489 per
807 3392 1324 3466 refractionem
1363 3415 1578 3488 quam
1605 3414 1739 3489 per
1758 3392 2254 3464 reflectionem
2277 3393 2549 3467 factam

456 3505 532 3579 iu
595 3506 907 3602 speculis
971 3506 1573 3579 comburentibus
1627 3504 1932 3578 accendi
1990 3529 2203 3602 posse
2236 3537 2255 3589 ς
2307 3530 2550 3602 neque

457 3630 703 3693 tamen
741 3643 1159 3716 quenquam
1208 3641 1366 3691 esse
1423 3617 1670 3707 cred0,
1708 3618 1835 3714 qui
1893 3629 2104 3714 putet
2149 3620 2551 3715 particulas

457 3733 734 3829 igneas,
770 3757 815 3805 a
851 3733 1004 3806 sole
1050 3734 1344 3829 ejectaS,
1381 3733 1695 3806 transire
1750 3755 1967 3829 posse
2016 3756 2147 3828 per
2210 3733 2548 3806 substan-

459 3847 638 3919 tiam
680 3846 958 3942 globuli
996 3845 1399 3919 cristallini.
1505 3846 1595 3919 In
1654 3868 1824 3918 aere
1878 3844 2316 3917 intermedio
2358 3845 2550 3939 ignis

459 3958 700 4031 nullus
736 3971 871 4031 est.
975 3959 1229 4032 Motus
1264 3973 1514 4031 autem
1550 3959 1626 4031 in
1662 3958 1996 4054 partibus
2039 3956 2549 4030 minutissimis

462 4072 787 4167 corporis
840 4073 1397 4160 combustibiliS,
1451 4073 1511 4145 si
1569 4072 1736 4145 talis
1793 4072 1889 4145 sit
1947 4084 2029 4144 ut
2087 4082 2334 4167 partes
2389 4070 2551 4142 illas

461 4184 780 4256 minutas
811 4185 916 4256 ita
944 4184 1248 4280 dissipet
1284 4195 1359 4257 et
1394 4184 1711 4278 disjiciat
1744 4196 1827 4258 ut
1862 4207 2099 4256 aerem
2125 4182 2220 4256 ad
2255 4181 2551 4254 oculum

463 4297 638 4369 satis
673 4296 965 4369 fortiter
1009 4310 1328 4384 moveat,
1357 4297 1599 4370 ideam
1635 4297 1828 4393 ignis
1863 4296 2107 4384 faciet,
2146 4317 2294 4368 non
2337 4293 2551 4367 aliter

463 4433 681 4504 quam
738 4408 951 4482 oculo
988 4409 1458 4482 vehementer
1502 4434 1853 4505 percusso
1881 4410 1995 4482 vel
2048 4410 2313 4483 fricato
2376 4408 2552 4508 oriri
