<?xml version="1.0" encoding="UTF-8"?>
<!DOCTYPE html PUBLIC "-//W3C//DTD XHTML 1.0 Transitional//EN"
    "http://www.w3.org/TR/xhtml1/DTD/xhtml1-transitional.dtd">
<html xmlns="http://www.w3.org/1999/xhtml" xml:lang="en" lang="en">
 <head>
  <title>
</title>
<meta http-equiv="Content-Type" content="text/html;charset=utf-8" />
  <meta name='ocr-system' content='tesseract 3.04.00' />
  <meta name='ocr-capabilities' content='ocr_page ocr_carea ocr_par ocr_line ocrx_word'/>
</head>
<body>
  <div class='ocr_page' id='page_1' title='image "./thomhobbesmalme02molegoog_0518.png"; bbox 0 0 3094 5125; ppageno 0'>
   <div class='ocr_carea' id='block_1_1' title="bbox 347 704 653 810">
    <p class='ocr_par' dir='ltr' id='par_1_1' title="bbox 347 704 653 810">
     <span class='ocr_line' id='line_1_1' title="bbox 347 704 653 748; baseline 0.01 -3"><span class='ocrx_word' id='word_1_1' title='bbox 347 704 514 746; x_wconf 71' lang='lat' dir='ltr'><strong>Pnor.</strong></span> <span class='ocrx_word' id='word_1_2' title='bbox 544 704 653 748; x_wconf 72' lang='lat' dir='ltr'><strong>xn-</strong></span> 
     </span>
     <span class='ocr_line' id='line_1_2' title="bbox 360 775 647 810; baseline 0.003 -12"><span class='ocrx_word' id='word_1_3' title='bbox 360 775 647 810; x_wconf 43' lang='lat' dir='ltr'><strong>b—-p—-ae</strong></span> 
     </span>
    </p>
   </div>
   <div class='ocr_carea' id='block_1_2' title="bbox 733 497 2162 569">
    <p class='ocr_par' dir='ltr' id='par_1_2' title="bbox 733 497 2162 569">
     <span class='ocr_line' id='line_1_3' title="bbox 733 497 2162 569; baseline 0 -4"><span class='ocrx_word' id='word_1_4' title='bbox 733 497 878 565; x_wconf 82' lang='lat'><strong>506</strong></span> <span class='ocrx_word' id='word_1_5' title='bbox 1384 512 1894 566; x_wconf 65' lang='lat' dir='ltr'><strong>nummum</strong></span> <span class='ocrx_word' id='word_1_6' title='bbox 1937 515 2162 569; x_wconf 78' lang='lat' dir='ltr'><strong>cum.</strong></span> 
     </span>
    </p>
   </div>
   <div class='ocr_carea' id='block_1_3' title="bbox 723 677 2876 3950">
    <p class='ocr_par' dir='ltr' id='par_1_3' title="bbox 726 677 2876 1339">
     <span class='ocr_line' id='line_1_4' title="bbox 828 677 2867 779; baseline 0.002 -27"><span class='ocrx_word' id='word_1_7' title='bbox 828 678 1141 753; x_wconf 78' lang='lat' dir='ltr'>Constat</span> <span class='ocrx_word' id='word_1_8' title='bbox 1166 677 1369 769; x_wconf 91' lang='lat' dir='ltr'><strong>item,</strong></span> <span class='ocrx_word' id='word_1_9' title='bbox 1403 679 1465 752; x_wconf 88' lang='lat' dir='ltr'><strong>si</strong></span> <span class='ocrx_word' id='word_1_10' title='bbox 1500 679 1577 753; x_wconf 90' lang='lat' dir='ltr'><strong>in</strong></span> <span class='ocrx_word' id='word_1_11' title='bbox 1617 693 1824 754; x_wconf 86' lang='lat' dir='ltr'><strong>reeta</strong></span> <span class='ocrx_word' id='word_1_12' title='bbox 1857 681 2025 772; x_wconf 89' lang='lat' dir='ltr'><strong>GH,</strong></span> <span class='ocrx_word' id='word_1_13' title='bbox 2062 704 2226 777; x_wconf 82' lang='lat' dir='ltr'><strong>quae</strong></span> <span class='ocrx_word' id='word_1_14' title='bbox 2260 686 2375 755; x_wconf 78' lang='lat' dir='ltr'><strong>es&#39;t</strong></span> <span class='ocrx_word' id='word_1_15' title='bbox 2410 680 2663 779; x_wconf 84' lang='lat' dir='ltr'><strong>dupla</strong></span> <span class='ocrx_word' id='word_1_16' title='bbox 2704 679 2867 770; x_wconf 84' lang='lat' dir='ltr'><strong>CG,</strong></span> 
     </span>
     <span class='ocr_line' id='line_1_5' title="bbox 726 793 2876 892; baseline 0 -26"><span class='ocrx_word' id='word_1_17' title='bbox 726 805 1062 866; x_wconf 80' lang='lat' dir='ltr'><strong>sumatur</strong></span> <span class='ocrx_word' id='word_1_18' title='bbox 1096 793 1214 891; x_wconf 81' lang='lat' dir='ltr'><strong>Gp</strong></span> <span class='ocrx_word' id='word_1_19' title='bbox 1249 818 1415 892; x_wconf 85' lang='lat' dir='ltr'><strong>quae</strong></span> <span class='ocrx_word' id='word_1_20' title='bbox 1450 794 1549 867; x_wconf 86' lang='lat' dir='ltr'><strong>sit</strong></span> <span class='ocrx_word' id='word_1_21' title='bbox 1600 793 1827 891; x_wconf 87' lang='lat' dir='ltr'><strong>dupla</strong></span> <span class='ocrx_word' id='word_1_22' title='bbox 1860 795 2015 879; x_wconf 85' lang='lat' dir='ltr'><strong>Ae;</strong></span> <span class='ocrx_word' id='word_1_23' title='bbox 2069 819 2240 869; x_wconf 88' lang='lat' dir='ltr'><strong>cum</strong></span> <span class='ocrx_word' id='word_1_24' title='bbox 2292 795 2392 869; x_wconf 74' lang='lat' dir='ltr'><strong>Gi</strong></span> <span class='ocrx_word' id='word_1_25' title='bbox 2446 797 2545 869; x_wconf 88' lang='lat' dir='ltr'><strong>sit</strong></span> <span class='ocrx_word' id='word_1_26' title='bbox 2615 794 2876 891; x_wconf 85' lang='lat' dir='ltr'><strong>dupla</strong></span> 
     </span>
     <span class='ocr_line' id='line_1_6' title="bbox 727 906 2872 1007; baseline 0 -27"><span class='ocrx_word' id='word_1_27' title='bbox 727 906 876 992; x_wconf 81' lang='lat' dir='ltr'><strong>Zc;</strong></span> <span class='ocrx_word' id='word_1_28' title='bbox 930 919 1248 1003; x_wconf 88' lang='lat' dir='ltr'><strong>quatuor</strong></span> <span class='ocrx_word' id='word_1_29' title='bbox 1281 919 1518 982; x_wconf 82' lang='lat' dir='ltr'><strong>rectas</strong></span> <span class='ocrx_word' id='word_1_30' title='bbox 1555 908 1724 997; x_wconf 89' lang='lat' dir='ltr'><strong>GH,</strong></span> <span class='ocrx_word' id='word_1_31' title='bbox 1760 908 1875 995; x_wconf 78' lang='lat' dir='ltr'><strong>Gi,</strong></span> <span class='ocrx_word' id='word_1_32' title='bbox 1901 906 2043 1007; x_wconf 82' lang='lat' dir='ltr'><strong>Gp,</strong></span> <span class='ocrx_word' id='word_1_33' title='bbox 2074 907 2223 998; x_wconf 80' lang='lat' dir='ltr'><strong>GC,</strong></span> <span class='ocrx_word' id='word_1_34' title='bbox 2267 933 2426 983; x_wconf 87' lang='lat' dir='ltr'><strong>esse</strong></span> <span class='ocrx_word' id='word_1_35' title='bbox 2473 911 2872 983; x_wconf 83' lang='lat' dir='ltr'>continue</span> 
     </span>
     <span class='ocr_line' id='line_1_7' title="bbox 727 1020 2874 1119; baseline 0.001 -27"><span class='ocrx_word' id='word_1_36' title='bbox 727 1020 1338 1117; x_wconf 78' lang='lat' dir='ltr'><strong>proportionales,</strong></span> <span class='ocrx_word' id='word_1_37' title='bbox 1445 1021 1709 1119; x_wconf 88' lang='lat' dir='ltr'><strong>Itaque</strong></span> <span class='ocrx_word' id='word_1_38' title='bbox 1761 1022 2006 1118; x_wconf 85' lang='lat' dir='ltr'><strong>posito</strong></span> <span class='ocrx_word' id='word_1_39' title='bbox 2064 1024 2335 1097; x_wconf 89' lang='lat' dir='ltr'><strong>cubum</strong></span> <span class='ocrx_word' id='word_1_40' title='bbox 2375 1048 2422 1097; x_wconf 91' lang='lat' dir='ltr'><strong>a</strong></span> <span class='ocrx_word' id='word_1_41' title='bbox 2469 1023 2628 1097; x_wconf 82' lang='lat' dir='ltr'><strong>GH</strong></span> <span class='ocrx_word' id='word_1_42' title='bbox 2696 1046 2874 1096; x_wconf 47' lang='lat' dir='ltr'><strong>effe</strong></span> 
     </span>
     <span class='ocr_line' id='line_1_8' title="bbox 729 1132 2874 1233; baseline 0.002 -27"><span class='ocrx_word' id='word_1_43' title='bbox 729 1142 853 1222; x_wconf 87' lang='lat'><strong>64,</strong></span> <span class='ocrx_word' id='word_1_44' title='bbox 890 1133 1121 1206; x_wconf 85' lang='lat' dir='ltr'><strong>cubus</strong></span> <span class='ocrx_word' id='word_1_45' title='bbox 1156 1158 1203 1207; x_wconf 92' lang='lat' dir='ltr'><strong>a</strong></span> <span class='ocrx_word' id='word_1_46' title='bbox 1235 1132 1329 1207; x_wconf 83' lang='lat' dir='ltr'><strong>Gi</strong></span> <span class='ocrx_word' id='word_1_47' title='bbox 1361 1134 1500 1207; x_wconf 88' lang='lat' dir='ltr'><strong>erit</strong></span> <span class='ocrx_word' id='word_1_48' title='bbox 1538 1144 1659 1225; x_wconf 85' lang='lat'><strong>32,</strong></span> <span class='ocrx_word' id='word_1_49' title='bbox 1699 1136 1930 1208; x_wconf 84' lang='lat' dir='ltr'><strong>cubus</strong></span> <span class='ocrx_word' id='word_1_50' title='bbox 1962 1159 2008 1208; x_wconf 90' lang='lat' dir='ltr'><strong>a</strong></span> <span class='ocrx_word' id='word_1_51' title='bbox 2041 1135 2160 1233; x_wconf 79' lang='lat' dir='ltr'><strong>Gp</strong></span> <span class='ocrx_word' id='word_1_52' title='bbox 2203 1145 2315 1227; x_wconf 89' lang='lat'><strong>16,</strong></span> <span class='ocrx_word' id='word_1_53' title='bbox 2346 1139 2583 1210; x_wconf 86' lang='lat' dir='ltr'><strong>cubus</strong></span> <span class='ocrx_word' id='word_1_54' title='bbox 2628 1162 2689 1209; x_wconf 82' lang='lat' dir='ltr'><strong>a</strong></span> <span class='ocrx_word' id='word_1_55' title='bbox 2730 1136 2874 1210; x_wconf 91' lang='lat' dir='ltr'><strong>GC</strong></span> 
     </span>
     <span class='ocr_line' id='line_1_9' title="bbox 732 1247 2871 1339; baseline 0.001 -20"><span class='ocrx_word' id='word_1_56' title='bbox 732 1255 802 1335; x_wconf 87' lang='grc'><strong>8,</strong></span> <span class='ocrx_word' id='word_1_57' title='bbox 829 1247 1059 1320; x_wconf 85' lang='lat' dir='ltr'><strong>cubus</strong></span> <span class='ocrx_word' id='word_1_58' title='bbox 1093 1273 1138 1319; x_wconf 89' lang='lat' dir='ltr'><strong>a</strong></span> <span class='ocrx_word' id='word_1_59' title='bbox 1171 1248 1273 1320; x_wconf 86' lang='lat' dir='ltr'><strong>Zc</strong></span> <span class='ocrx_word' id='word_1_60' title='bbox 1300 1257 1373 1337; x_wconf 84' lang='lat'><strong>4,</strong></span> <span class='ocrx_word' id='word_1_61' title='bbox 1397 1248 1629 1321; x_wconf 86' lang='lat' dir='ltr'><strong>cubus</strong></span> <span class='ocrx_word' id='word_1_62' title='bbox 1655 1249 1748 1322; x_wconf 90' lang='lat' dir='ltr'><strong>ab</strong></span> <span class='ocrx_word' id='word_1_63' title='bbox 1782 1247 1871 1321; x_wconf 84' lang='lat' dir='ltr'><strong>eb</strong></span> <span class='ocrx_word' id='word_1_64' title='bbox 1909 1253 1978 1339; x_wconf 82' lang='lat'><strong>2,</strong></span> <span class='ocrx_word' id='word_1_65' title='bbox 2007 1250 2236 1323; x_wconf 84' lang='lat' dir='ltr'><strong>cubus</strong></span> <span class='ocrx_word' id='word_1_66' title='bbox 2271 1274 2316 1323; x_wconf 88' lang='lat' dir='ltr'><strong>a</strong></span> <span class='ocrx_word' id='word_1_67' title='bbox 2347 1250 2433 1323; x_wconf 78' lang='lat' dir='ltr'><strong>kl</strong></span> <span class='ocrx_word' id='word_1_68' title='bbox 2464 1250 2586 1322; x_wconf 83' lang='lat' dir='ltr'><strong>vel</strong></span> <span class='ocrx_word' id='word_1_69' title='bbox 2613 1251 2766 1323; x_wconf 77' lang='lat' dir='ltr'><strong>Ak</strong></span> <span class='ocrx_word' id='word_1_70' title='bbox 2803 1259 2871 1322; x_wconf 91' lang='lat'><strong>1.</strong></span> 
     </span>
    </p>

    <p class='ocr_par' dir='ltr' id='par_1_4' title="bbox 729 1361 2871 1683">
     <span class='ocr_line' id='line_1_10' title="bbox 829 1361 2871 1460; baseline 0.001 -27"><span class='ocrx_word' id='word_1_71' title='bbox 829 1361 1042 1449; x_wconf 85' lang='lat' dir='ltr'><strong>Item,</strong></span> <span class='ocrx_word' id='word_1_72' title='bbox 1077 1361 1439 1457; x_wconf 84' lang='lat' dir='ltr'><strong>sphaeram</strong></span> <span class='ocrx_word' id='word_1_73' title='bbox 1475 1362 1718 1435; x_wconf 92' lang='lat' dir='ltr'><strong>medio</strong></span> <span class='ocrx_word' id='word_1_74' title='bbox 1773 1362 1936 1436; x_wconf 85' lang='lat' dir='ltr'><strong>loeo</strong></span> <span class='ocrx_word' id='word_1_75' title='bbox 1984 1364 2623 1460; x_wconf 80' lang='lat' dir='ltr'><strong>proportionalem</strong></span> <span class='ocrx_word' id='word_1_76' title='bbox 2681 1387 2871 1437; x_wconf 83' lang='lat' dir='ltr'><strong>esse</strong></span> 
     </span>
     <span class='ocr_line' id='line_1_11' title="bbox 729 1471 2869 1574; baseline 0.003 -30"><span class='ocrx_word' id='word_1_77' title='bbox 729 1471 927 1545; x_wconf 89' lang='lat' dir='ltr'><strong>inter</strong></span> <span class='ocrx_word' id='word_1_78' title='bbox 960 1474 1231 1547; x_wconf 91' lang='lat' dir='ltr'><strong>cubum</strong></span> <span class='ocrx_word' id='word_1_79' title='bbox 1258 1499 1304 1548; x_wconf 89' lang='lat' dir='ltr'><strong>a</strong></span> <span class='ocrx_word' id='word_1_80' title='bbox 1339 1475 1450 1549; x_wconf 87' lang='lat' dir='ltr'><strong>sui</strong></span> <span class='ocrx_word' id='word_1_81' title='bbox 1487 1475 1716 1570; x_wconf 84' lang='lat' dir='ltr'><strong>ipsius</strong></span> <span class='ocrx_word' id='word_1_82' title='bbox 1752 1475 2137 1565; x_wconf 90' lang='lat' dir='ltr'><strong>diametr0,</strong></span> <span class='ocrx_word' id='word_1_83' title='bbox 2168 1488 2244 1550; x_wconf 91' lang='lat' dir='ltr'><strong>et</strong></span> <span class='ocrx_word' id='word_1_84' title='bbox 2269 1479 2540 1552; x_wconf 87' lang='lat' dir='ltr'><strong>cubum</strong></span> <span class='ocrx_word' id='word_1_85' title='bbox 2577 1502 2628 1551; x_wconf 90' lang='lat' dir='ltr'><strong>a</strong></span> <span class='ocrx_word' id='word_1_86' title='bbox 2660 1502 2869 1574; x_wconf 85' lang='lat' dir='ltr'><strong>qua·</strong></span> 
     </span>
     <span class='ocr_line' id='line_1_12' title="bbox 730 1585 2208 1683; baseline 0.003 -25"><span class='ocrx_word' id='word_1_87' title='bbox 730 1585 994 1660; x_wconf 88' lang='lat' dir='ltr'><strong>drante</strong></span> <span class='ocrx_word' id='word_1_88' title='bbox 1027 1588 1406 1683; x_wconf 90' lang='lat' dir='ltr'><strong>perimetri</strong></span> <span class='ocrx_word' id='word_1_89' title='bbox 1442 1588 1701 1660; x_wconf 83' lang='lat' dir='ltr'><strong>circuli</strong></span> <span class='ocrx_word' id='word_1_90' title='bbox 1736 1588 1847 1660; x_wconf 87' lang='lat' dir='ltr'><strong>sui</strong></span> <span class='ocrx_word' id='word_1_91' title='bbox 1889 1588 2208 1662; x_wconf 81' lang='lat' dir='ltr'><strong>maximi.</strong></span> 
     </span>
    </p>

    <p class='ocr_par' dir='ltr' id='par_1_5' title="bbox 723 1701 2865 3495">
     <span class='ocr_line' id='line_1_13' title="bbox 830 1701 2865 1798; baseline 0 -25"><span class='ocrx_word' id='word_1_92' title='bbox 830 1701 1044 1789; x_wconf 87' lang='lat' dir='ltr'><strong>Item,</strong></span> <span class='ocrx_word' id='word_1_93' title='bbox 1078 1701 1317 1775; x_wconf 89' lang='lat' dir='ltr'><strong>latera</strong></span> <span class='ocrx_word' id='word_1_94' title='bbox 1371 1701 1696 1798; x_wconf 90' lang='lat' dir='ltr'><strong>quinque</strong></span> <span class='ocrx_word' id='word_1_95' title='bbox 1754 1702 2159 1797; x_wconf 88' lang='lat' dir='ltr'><strong>figurarum</strong></span> <span class='ocrx_word' id='word_1_96' title='bbox 2217 1702 2676 1798; x_wconf 84' lang='lat' dir='ltr'><strong>regularium</strong></span> <span class='ocrx_word' id='word_1_97' title='bbox 2739 1703 2865 1792; x_wconf 89' lang='lat' dir='ltr'><strong>(in</strong></span> 
     </span>
     <span class='ocr_line' id='line_1_14' title="bbox 726 1813 2860 1912; baseline 0.002 -27"><span class='ocrx_word' id='word_1_98' title='bbox 726 1813 868 1887; x_wconf 86' lang='lat' dir='ltr'><strong>hae</strong></span> <span class='ocrx_word' id='word_1_99' title='bbox 900 1815 1141 1909; x_wconf 83' lang='lat' dir='ltr'><strong>figura</strong></span> <span class='ocrx_word' id='word_1_100' title='bbox 1167 1813 1245 1906; x_wconf 92' lang='lat' dir='ltr'><strong>ii)</strong></span> <span class='ocrx_word' id='word_1_101' title='bbox 1271 1813 1826 1909; x_wconf 88' lang='lat' dir='ltr'><strong>distinguuntur</strong></span> <span class='ocrx_word' id='word_1_102' title='bbox 1852 1815 2045 1888; x_wconf 79' lang='lat' dir='ltr'><strong>sicut</strong></span> <span class='ocrx_word' id='word_1_103' title='bbox 2079 1817 2430 1912; x_wconf 86' lang='lat' dir='ltr'><strong>sequitur.</strong></span> <span class='ocrx_word' id='word_1_104' title='bbox 2534 1815 2620 1889; x_wconf 87' lang='lat' dir='ltr'><strong>Si</strong></span> <span class='ocrx_word' id='word_1_105' title='bbox 2657 1842 2860 1890; x_wconf 82' lang='lat' dir='ltr'><strong>cen-</strong></span> 
     </span>
     <span class='ocr_line' id='line_1_15' title="bbox 726 1927 2852 2018; baseline 0.001 -18"><span class='ocrx_word' id='word_1_106' title='bbox 726 1937 845 2000; x_wconf 90' lang='lat' dir='ltr'><strong>tro</strong></span> <span class='ocrx_word' id='word_1_107' title='bbox 881 1928 960 2017; x_wconf 92' lang='lat' dir='ltr'><strong>P,</strong></span> <span class='ocrx_word' id='word_1_108' title='bbox 996 1927 1381 2000; x_wconf 88' lang='lat' dir='ltr'><strong>intervallo</strong></span> <span class='ocrx_word' id='word_1_109' title='bbox 1429 1927 1553 2001; x_wconf 92' lang='lat' dir='ltr'><strong>PY</strong></span> <span class='ocrx_word' id='word_1_110' title='bbox 1588 1928 1705 2001; x_wconf 87' lang='lat' dir='ltr'><strong>vel</strong></span> <span class='ocrx_word' id='word_1_111' title='bbox 1746 1928 1905 2015; x_wconf 76' lang='lat' dir='ltr'><strong>PQ,</strong></span> <span class='ocrx_word' id='word_1_112' title='bbox 1959 1928 2422 2003; x_wconf 81' lang='lat' dir='ltr'><strong>describatur</strong></span> <span class='ocrx_word' id='word_1_113' title='bbox 2476 1930 2852 2018; x_wconf 82' lang='lat' dir='ltr'><strong>circuluS,</strong></span> 
     </span>
     <span class='ocr_line' id='line_1_16' title="bbox 727 2040 2850 2138; baseline 0.002 -25"><span class='ocrx_word' id='word_1_114' title='bbox 727 2040 921 2113; x_wconf 83' lang='lat' dir='ltr'><strong>latus</strong></span> <span class='ocrx_word' id='word_1_115' title='bbox 956 2042 1354 2137; x_wconf 86' lang='lat' dir='ltr'><strong>pentagoni</strong></span> <span class='ocrx_word' id='word_1_116' title='bbox 1382 2041 1656 2114; x_wconf 84' lang='lat' dir='ltr'><strong>circulo</strong></span> <span class='ocrx_word' id='word_1_117' title='bbox 1690 2041 1864 2115; x_wconf 88' lang='lat' dir='ltr'><strong>hinc</strong></span> <span class='ocrx_word' id='word_1_118' title='bbox 1900 2040 2238 2138; x_wconf 85' lang='lat' dir='ltr'><strong>inseripti</strong></span> <span class='ocrx_word' id='word_1_119' title='bbox 2274 2042 2415 2116; x_wconf 90' lang='lat' dir='ltr'><strong>erit</strong></span> <span class='ocrx_word' id='word_1_120' title='bbox 2445 2044 2643 2118; x_wconf 85' lang='lat' dir='ltr'><strong>latus</strong></span> <span class='ocrx_word' id='word_1_121' title='bbox 2677 2047 2850 2118; x_wconf 85' lang='lat' dir='ltr'><strong>ico·</strong></span> 
     </span>
     <span class='ocr_line' id='line_1_17' title="bbox 727 2153 2842 2252; baseline 0.001 -26"><span class='ocrx_word' id='word_1_122' title='bbox 727 2153 1018 2228; x_wconf 85' lang='lat' dir='ltr'><strong>sahedri</strong></span> <span class='ocrx_word' id='word_1_123' title='bbox 1077 2154 1416 2250; x_wconf 87' lang='lat' dir='ltr'><strong>inseripti</strong></span> <span class='ocrx_word' id='word_1_124' title='bbox 1474 2155 1781 2251; x_wconf 82' lang='lat' dir='ltr'><strong>sphaerae</strong></span> <span class='ocrx_word' id='word_1_125' title='bbox 1829 2156 2039 2252; x_wconf 85' lang='lat' dir='ltr'><strong>cujus</strong></span> <span class='ocrx_word' id='word_1_126' title='bbox 2101 2155 2458 2230; x_wconf 86' lang='lat' dir='ltr'><strong>diameter</strong></span> <span class='ocrx_word' id='word_1_127' title='bbox 2512 2168 2627 2231; x_wconf 88' lang='lat' dir='ltr'><strong>est</strong></span> <span class='ocrx_word' id='word_1_128' title='bbox 2681 2159 2842 2244; x_wconf 86' lang='lat'><strong>00,</strong></span> 
     </span>
     <span class='ocr_line' id='line_1_18' title="bbox 728 2266 2840 2365; baseline 0.002 -27"><span class='ocrx_word' id='word_1_129' title='bbox 728 2279 1065 2340; x_wconf 87' lang='lat' dir='ltr'><strong>centrum</strong></span> <span class='ocrx_word' id='word_1_130' title='bbox 1090 2266 1142 2340; x_wconf 80' lang='lat' dir='ltr'><strong>l.</strong></span> <span class='ocrx_word' id='word_1_131' title='bbox 1246 2266 1440 2341; x_wconf 92' lang='lat' dir='ltr'><strong>Nam</strong></span> <span class='ocrx_word' id='word_1_132' title='bbox 1467 2268 1908 2364; x_wconf 88' lang='lat' dir='ltr'><strong>quadratum</strong></span> <span class='ocrx_word' id='word_1_133' title='bbox 1944 2271 2037 2344; x_wconf 90' lang='lat' dir='ltr'><strong>ab</strong></span> <span class='ocrx_word' id='word_1_134' title='bbox 2071 2270 2197 2344; x_wconf 91' lang='lat' dir='ltr'><strong>YP</strong></span> <span class='ocrx_word' id='word_1_135' title='bbox 2232 2270 2346 2344; x_wconf 91' lang='lat' dir='ltr'><strong>vel</strong></span> <span class='ocrx_word' id='word_1_136' title='bbox 2374 2270 2508 2346; x_wconf 67' lang='grc' dir='ltr'><strong>ΡΩ</strong></span> <span class='ocrx_word' id='word_1_137' title='bbox 2539 2272 2840 2365; x_wconf 83' lang='lat' dir='ltr'><strong>aequale</strong></span> 
     </span>
     <span class='ocr_line' id='line_1_19' title="bbox 728 2379 2833 2479; baseline 0.002 -28"><span class='ocrx_word' id='word_1_138' title='bbox 728 2392 842 2453; x_wconf 86' lang='lat' dir='ltr'><strong>est</strong></span> <span class='ocrx_word' id='word_1_139' title='bbox 876 2379 1195 2476; x_wconf 89' lang='lat' dir='ltr'><strong>quinque</strong></span> <span class='ocrx_word' id='word_1_140' title='bbox 1248 2379 1626 2476; x_wconf 86' lang='lat' dir='ltr'><strong>quadratis</strong></span> <span class='ocrx_word' id='word_1_141' title='bbox 1672 2405 1718 2454; x_wconf 89' lang='lat' dir='ltr'><strong>a</strong></span> <span class='ocrx_word' id='word_1_142' title='bbox 1759 2381 2019 2478; x_wconf 91' lang='lat' dir='ltr'><strong>quinta</strong></span> <span class='ocrx_word' id='word_1_143' title='bbox 2059 2393 2271 2479; x_wconf 91' lang='lat' dir='ltr'><strong>parte</strong></span> <span class='ocrx_word' id='word_1_144' title='bbox 2318 2382 2659 2457; x_wconf 86' lang='lat' dir='ltr'><strong>diametri</strong></span> <span class='ocrx_word' id='word_1_145' title='bbox 2706 2385 2833 2459; x_wconf 89' lang='lat' dir='ltr'><strong>Oo</strong></span> 
     </span>
     <span class='ocr_line' id='line_1_20' title="bbox 724 2490 2826 2596; baseline 0.003 -31"><span class='ocrx_word' id='word_1_146' title='bbox 724 2492 841 2566; x_wconf 83' lang='lat' dir='ltr'><strong>vel</strong></span> <span class='ocrx_word' id='word_1_147' title='bbox 878 2490 1028 2568; x_wconf 82' lang='lat' dir='ltr'><strong>GC.</strong></span> <span class='ocrx_word' id='word_1_148' title='bbox 1116 2490 1300 2568; x_wconf 84' lang='lat' dir='ltr'><strong>Cum</strong></span> <span class='ocrx_word' id='word_1_149' title='bbox 1335 2494 1531 2568; x_wconf 89' lang='lat' dir='ltr'><strong>enim</strong></span> <span class='ocrx_word' id='word_1_150' title='bbox 1568 2494 2008 2592; x_wconf 90' lang='lat' dir='ltr'><strong>quadratum</strong></span> <span class='ocrx_word' id='word_1_151' title='bbox 2037 2520 2082 2570; x_wconf 91' lang='lat' dir='ltr'><strong>a</strong></span> <span class='ocrx_word' id='word_1_152' title='bbox 2118 2494 2243 2573; x_wconf 87' lang='lat' dir='ltr'><strong>GC</strong></span> <span class='ocrx_word' id='word_1_153' title='bbox 2279 2496 2563 2596; x_wconf 84' lang='lat' dir='ltr'><strong>aequale</strong></span> <span class='ocrx_word' id='word_1_154' title='bbox 2597 2498 2694 2572; x_wconf 87' lang='lat' dir='ltr'><strong>sit</strong></span> <span class='ocrx_word' id='word_1_155' title='bbox 2719 2506 2826 2573; x_wconf 79' lang='lat'><strong>25</strong></span> 
     </span>
     <span class='ocr_line' id='line_1_21' title="bbox 727 2606 2828 2707; baseline 0.004 -29"><span class='ocrx_word' id='word_1_156' title='bbox 727 2606 1105 2703; x_wconf 87' lang='lat' dir='ltr'><strong>quadratis</strong></span> <span class='ocrx_word' id='word_1_157' title='bbox 1160 2631 1206 2680; x_wconf 90' lang='lat' dir='ltr'><strong>a</strong></span> <span class='ocrx_word' id='word_1_158' title='bbox 1257 2609 1515 2703; x_wconf 88' lang='lat' dir='ltr'><strong>quinta</strong></span> <span class='ocrx_word' id='word_1_159' title='bbox 1570 2610 1683 2682; x_wconf 82' lang='lat' dir='ltr'><strong>sui</strong></span> <span class='ocrx_word' id='word_1_160' title='bbox 1738 2623 1972 2706; x_wconf 88' lang='lat' dir='ltr'><strong>parte,</strong></span> <span class='ocrx_word' id='word_1_161' title='bbox 2030 2611 2472 2707; x_wconf 86' lang='lat' dir='ltr'><strong>quadratum</strong></span> <span class='ocrx_word' id='word_1_162' title='bbox 2527 2613 2622 2685; x_wconf 90' lang='lat' dir='ltr'><strong>ab</strong></span> <span class='ocrx_word' id='word_1_163' title='bbox 2675 2612 2828 2686; x_wconf 71' lang='grc' dir='ltr'><strong>ΥΟ</strong></span> 
     </span>
     <span class='ocr_line' id='line_1_22' title="bbox 728 2719 2821 2822; baseline 0.002 -29"><span class='ocrx_word' id='word_1_164' title='bbox 728 2719 1007 2815; x_wconf 83' lang='lat' dir='ltr'><strong>aequale</strong></span> <span class='ocrx_word' id='word_1_165' title='bbox 1055 2719 1197 2791; x_wconf 90' lang='lat' dir='ltr'><strong>erit</strong></span> <span class='ocrx_word' id='word_1_166' title='bbox 1231 2728 1328 2794; x_wconf 88' lang='lat'><strong>20</strong></span> <span class='ocrx_word' id='word_1_167' title='bbox 1383 2721 1762 2815; x_wconf 80' lang='lat' dir='ltr'><strong>quadratis</strong></span> <span class='ocrx_word' id='word_1_168' title='bbox 1821 2748 1866 2797; x_wconf 91' lang='lat' dir='ltr'><strong>a</strong></span> <span class='ocrx_word' id='word_1_169' title='bbox 1911 2725 2172 2821; x_wconf 85' lang='lat' dir='ltr'><strong>quinta</strong></span> <span class='ocrx_word' id='word_1_170' title='bbox 2223 2738 2438 2822; x_wconf 90' lang='lat' dir='ltr'><strong>parte</strong></span> <span class='ocrx_word' id='word_1_171' title='bbox 2490 2725 2821 2821; x_wconf 89' lang='lat' dir='ltr'><strong>ejusdem</strong></span> 
     </span>
     <span class='ocr_line' id='line_1_23' title="bbox 728 2830 2821 2935; baseline 0.004 -32"><span class='ocrx_word' id='word_1_172' title='bbox 728 2830 857 2903; x_wconf 90' lang='lat' dir='ltr'><strong>GC</strong></span> <span class='ocrx_word' id='word_1_173' title='bbox 888 2830 1005 2903; x_wconf 88' lang='lat' dir='ltr'><strong>vel</strong></span> <span class='ocrx_word' id='word_1_174' title='bbox 1039 2831 1173 2905; x_wconf 89' lang='lat' dir='ltr'><strong>oo.</strong></span> <span class='ocrx_word' id='word_1_175' title='bbox 1227 2832 1424 2928; x_wconf 92' lang='lat' dir='ltr'><strong>Ergo</strong></span> <span class='ocrx_word' id='word_1_176' title='bbox 1461 2834 1901 2929; x_wconf 86' lang='lat' dir='ltr'><strong>quadratum</strong></span> <span class='ocrx_word' id='word_1_177' title='bbox 1938 2838 2030 2911; x_wconf 88' lang='lat' dir='ltr'><strong>ab</strong></span> <span class='ocrx_word' id='word_1_178' title='bbox 2058 2838 2184 2911; x_wconf 92' lang='lat' dir='ltr'><strong>YP</strong></span> <span class='ocrx_word' id='word_1_179' title='bbox 2215 2838 2332 2911; x_wconf 86' lang='lat' dir='ltr'><strong>vel</strong></span> <span class='ocrx_word' id='word_1_180' title='bbox 2373 2839 2527 2929; x_wconf 70' lang='lat' dir='ltr'><strong>Pa,</strong></span> <span class='ocrx_word' id='word_1_181' title='bbox 2554 2862 2821 2935; x_wconf 90' lang='lat' dir='ltr'><strong>nempe</strong></span> 
     </span>
     <span class='ocr_line' id='line_1_24' title="bbox 728 2945 2819 3049; baseline 0.005 -35"><span class='ocrx_word' id='word_1_182' title='bbox 728 2955 988 3039; x_wconf 86' lang='lat' dir='ltr'><strong>quarta</strong></span> <span class='ocrx_word' id='word_1_183' title='bbox 1040 2967 1210 3041; x_wconf 87' lang='lat' dir='ltr'><strong>pars</strong></span> <span class='ocrx_word' id='word_1_184' title='bbox 1258 2945 1602 3041; x_wconf 89' lang='lat' dir='ltr'><strong>quadrati</strong></span> <span class='ocrx_word' id='word_1_185' title='bbox 1659 2950 1752 3022; x_wconf 89' lang='lat' dir='ltr'><strong>ab</strong></span> <span class='ocrx_word' id='word_1_186' title='bbox 1793 2947 1960 3040; x_wconf 82' lang='lat' dir='ltr'><strong>YQ,</strong></span> <span class='ocrx_word' id='word_1_187' title='bbox 1999 2950 2278 3048; x_wconf 86' lang='lat' dir='ltr'><strong>aequale</strong></span> <span class='ocrx_word' id='word_1_188' title='bbox 2333 2963 2446 3025; x_wconf 84' lang='lat' dir='ltr'><strong>est</strong></span> <span class='ocrx_word' id='word_1_189' title='bbox 2495 2952 2819 3049; x_wconf 90' lang='lat' dir='ltr'><strong>quinque</strong></span> 
     </span>
     <span class='ocr_line' id='line_1_25' title="bbox 729 3057 2821 3161; baseline 0.004 -32"><span class='ocrx_word' id='word_1_190' title='bbox 729 3057 1110 3154; x_wconf 87' lang='lat' dir='ltr'><strong>quadratis</strong></span> <span class='ocrx_word' id='word_1_191' title='bbox 1135 3084 1182 3133; x_wconf 92' lang='lat' dir='ltr'><strong>a</strong></span> <span class='ocrx_word' id='word_1_192' title='bbox 1213 3059 1471 3156; x_wconf 86' lang='lat' dir='ltr'><strong>quinta</strong></span> <span class='ocrx_word' id='word_1_193' title='bbox 1502 3071 1714 3157; x_wconf 90' lang='lat' dir='ltr'><strong>parte</strong></span> <span class='ocrx_word' id='word_1_194' title='bbox 1755 3062 2094 3136; x_wconf 86' lang='lat' dir='ltr'><strong>diametri</strong></span> <span class='ocrx_word' id='word_1_195' title='bbox 2128 3064 2265 3137; x_wconf 88' lang='lat'><strong>00.</strong></span> <span class='ocrx_word' id='word_1_196' title='bbox 2372 3065 2620 3139; x_wconf 77' lang='lat' dir='ltr'><strong>Quare</strong></span> <span class='ocrx_word' id='word_1_197' title='bbox 2653 3065 2821 3161; x_wconf 89' lang='lat' dir='ltr'><strong>(per</strong></span> 
     </span>
     <span class='ocr_line' id='line_1_26' title="bbox 725 3171 2818 3273; baseline 0.004 -30"><span class='ocrx_word' id='word_1_198' title='bbox 725 3171 932 3245; x_wconf 85' lang='lat' dir='ltr'><strong>Euel.</strong></span> <span class='ocrx_word' id='word_1_199' title='bbox 988 3172 1139 3245; x_wconf 85' lang='lat' dir='ltr'><strong>xiii.</strong></span> <span class='ocrx_word' id='word_1_200' title='bbox 1207 3173 1326 3260; x_wconf 88' lang='grc'><strong>16)</strong></span> <span class='ocrx_word' id='word_1_201' title='bbox 1392 3173 1588 3246; x_wconf 86' lang='lat' dir='ltr'><strong>latus</strong></span> <span class='ocrx_word' id='word_1_202' title='bbox 1650 3173 2063 3248; x_wconf 85' lang='lat' dir='ltr'><strong>ieosahedri</strong></span> <span class='ocrx_word' id='word_1_203' title='bbox 2127 3176 2434 3273; x_wconf 85' lang='lat' dir='ltr'><strong>sphaerae</strong></span> <span class='ocrx_word' id='word_1_204' title='bbox 2483 3178 2818 3273; x_wconf 80' lang='lat' dir='ltr'><strong>inscripti</strong></span> 
     </span>
     <span class='ocr_line' id='line_1_27' title="bbox 727 3280 2818 3388; baseline 0.003 -32"><span class='ocrx_word' id='word_1_205' title='bbox 727 3285 935 3379; x_wconf 87' lang='lat' dir='ltr'><strong>eujus</strong></span> <span class='ocrx_word' id='word_1_206' title='bbox 971 3280 1330 3360; x_wconf 87' lang='lat' dir='ltr'><strong>diamater</strong></span> <span class='ocrx_word' id='word_1_207' title='bbox 1346 3341 1347 3344; x_wconf 63' lang='lat'><strong>,</strong></span> <span class='ocrx_word' id='word_1_208' title='bbox 1364 3297 1475 3360; x_wconf 88' lang='lat' dir='ltr'><strong>est</strong></span> <span class='ocrx_word' id='word_1_209' title='bbox 1511 3287 1648 3376; x_wconf 87' lang='lat'><strong>00,</strong></span> <span class='ocrx_word' id='word_1_210' title='bbox 1683 3288 1963 3384; x_wconf 86' lang='lat' dir='ltr'><strong>aequale</strong></span> <span class='ocrx_word' id='word_1_211' title='bbox 1997 3300 2110 3363; x_wconf 84' lang='lat' dir='ltr'><strong>est</strong></span> <span class='ocrx_word' id='word_1_212' title='bbox 2154 3288 2370 3362; x_wconf 90' lang='lat' dir='ltr'><strong>lateri</strong></span> <span class='ocrx_word' id='word_1_213' title='bbox 2416 3290 2818 3388; x_wconf 86' lang='lat' dir='ltr'><strong>pentagoni</strong></span> 
     </span>
     <span class='ocr_line' id='line_1_28' title="bbox 723 3397 2356 3495; baseline 0.004 -26"><span class='ocrx_word' id='word_1_214' title='bbox 723 3397 1060 3495; x_wconf 87' lang='lat' dir='ltr'><strong>inscripti</strong></span> <span class='ocrx_word' id='word_1_215' title='bbox 1096 3398 1372 3472; x_wconf 87' lang='lat' dir='ltr'><strong>circulo</strong></span> <span class='ocrx_word' id='word_1_216' title='bbox 1408 3399 1616 3494; x_wconf 87' lang='lat' dir='ltr'><strong>eujus</strong></span> <span class='ocrx_word' id='word_1_217' title='bbox 1653 3398 2011 3474; x_wconf 90' lang='lat' dir='ltr'><strong>diameter</strong></span> <span class='ocrx_word' id='word_1_218' title='bbox 2040 3413 2153 3475; x_wconf 87' lang='lat' dir='ltr'><strong>est</strong></span> <span class='ocrx_word' id='word_1_219' title='bbox 2189 3399 2356 3492; x_wconf 83' lang='lat' dir='ltr'><strong>YQ.</strong></span> 
     </span>
    </p>

    <p class='ocr_par' dir='ltr' id='par_1_6' title="bbox 723 3512 2818 3950">
     <span class='ocr_line' id='line_1_29' title="bbox 825 3512 2818 3611; baseline 0.002 -27"><span class='ocrx_word' id='word_1_220' title='bbox 825 3512 1052 3585; x_wconf 87' lang='lat' dir='ltr'><strong>Latus</strong></span> <span class='ocrx_word' id='word_1_221' title='bbox 1088 3513 1257 3586; x_wconf 89' lang='lat' dir='ltr'><strong>cubi</strong></span> <span class='ocrx_word' id='word_1_222' title='bbox 1312 3512 1553 3586; x_wconf 91' lang='lat' dir='ltr'><strong>eidem</strong></span> <span class='ocrx_word' id='word_1_223' title='bbox 1587 3513 1894 3610; x_wconf 84' lang='lat' dir='ltr'><strong>sphaerae</strong></span> <span class='ocrx_word' id='word_1_224' title='bbox 1928 3514 2263 3611; x_wconf 86' lang='lat' dir='ltr'><strong>inseripti</strong></span> <span class='ocrx_word' id='word_1_225' title='bbox 2299 3525 2409 3588; x_wconf 88' lang='lat' dir='ltr'><strong>est</strong></span> <span class='ocrx_word' id='word_1_226' title='bbox 2459 3528 2666 3589; x_wconf 87' lang='lat' dir='ltr'><strong>reeta</strong></span> <span class='ocrx_word' id='word_1_227' title='bbox 2700 3515 2818 3588; x_wconf 81' lang='lat' dir='ltr'><strong>Ga</strong></span> 
     </span>
     <span class='ocr_line' id='line_1_30' title="bbox 723 3625 2818 3724; baseline 0.001 -26"><span class='ocrx_word' id='word_1_228' title='bbox 723 3625 841 3699; x_wconf 85' lang='lat' dir='ltr'><strong>vel</strong></span> <span class='ocrx_word' id='word_1_229' title='bbox 876 3625 988 3715; x_wconf 78' lang='lat' dir='ltr'><strong>ci,</strong></span> <span class='ocrx_word' id='word_1_230' title='bbox 1016 3649 1278 3721; x_wconf 89' lang='lat' dir='ltr'><strong>nempe</strong></span> <span class='ocrx_word' id='word_1_231' title='bbox 1313 3637 1624 3722; x_wconf 87' lang='lat' dir='ltr'><strong>tangens</strong></span> <span class='ocrx_word' id='word_1_232' title='bbox 1661 3634 1757 3701; x_wconf 89' lang='lat'><strong>30</strong></span> <span class='ocrx_word' id='word_1_233' title='bbox 1787 3626 2152 3723; x_wconf 89' lang='lat' dir='ltr'><strong>graduum</strong></span> <span class='ocrx_word' id='word_1_234' title='bbox 2186 3629 2263 3700; x_wconf 90' lang='lat' dir='ltr'><strong>in</strong></span> <span class='ocrx_word' id='word_1_235' title='bbox 2300 3628 2578 3702; x_wconf 86' lang='lat' dir='ltr'><strong>circulo</strong></span> <span class='ocrx_word' id='word_1_236' title='bbox 2608 3630 2818 3724; x_wconf 86' lang='lat' dir='ltr'><strong>cujus</strong></span> 
     </span>
     <span class='ocr_line' id='line_1_31' title="bbox 727 3738 2817 3836; baseline 0 -24"><span class='ocrx_word' id='word_1_237' title='bbox 727 3739 1273 3812; x_wconf 86' lang='lat' dir='ltr'><strong>semidiameter</strong></span> <span class='ocrx_word' id='word_1_238' title='bbox 1309 3749 1420 3811; x_wconf 87' lang='lat' dir='ltr'><strong>est</strong></span> <span class='ocrx_word' id='word_1_239' title='bbox 1463 3738 1611 3813; x_wconf 88' lang='lat' dir='ltr'><strong>BC.</strong></span> <span class='ocrx_word' id='word_1_240' title='bbox 1717 3740 1911 3813; x_wconf 91' lang='lat' dir='ltr'><strong>Nam</strong></span> <span class='ocrx_word' id='word_1_241' title='bbox 1947 3740 2096 3826; x_wconf 86' lang='lat' dir='ltr'><strong>BC,</strong></span> <span class='ocrx_word' id='word_1_242' title='bbox 2135 3740 2289 3813; x_wconf 90' lang='lat' dir='ltr'><strong>sive</strong></span> <span class='ocrx_word' id='word_1_243' title='bbox 2341 3740 2477 3829; x_wconf 88' lang='lat'><strong>00,</strong></span> <span class='ocrx_word' id='word_1_244' title='bbox 2513 3741 2817 3836; x_wconf 87' lang='lat' dir='ltr'><strong>triplum</strong></span> 
     </span>
     <span class='ocr_line' id='line_1_32' title="bbox 726 3850 2814 3950; baseline 0 -25"><span class='ocrx_word' id='word_1_245' title='bbox 726 3862 978 3947; x_wconf 88' lang='lat' dir='ltr'><strong>potest</strong></span> <span class='ocrx_word' id='word_1_246' title='bbox 1035 3850 1408 3948; x_wconf 86' lang='lat' dir='ltr'><strong>tangentis</strong></span> <span class='ocrx_word' id='word_1_247' title='bbox 1452 3859 1546 3926; x_wconf 88' lang='lat'><strong>30</strong></span> <span class='ocrx_word' id='word_1_248' title='bbox 1583 3852 1972 3949; x_wconf 89' lang='lat' dir='ltr'><strong>graduum,</strong></span> <span class='ocrx_word' id='word_1_249' title='bbox 2022 3852 2333 3950; x_wconf 90' lang='lat' dir='ltr'><strong>ideoque</strong></span> <span class='ocrx_word' id='word_1_250' title='bbox 2381 3853 2544 3949; x_wconf 86' lang='lat' dir='ltr'><strong>(per</strong></span> <span class='ocrx_word' id='word_1_251' title='bbox 2600 3853 2814 3927; x_wconf 85' lang='lat' dir='ltr'><strong>Euel.</strong></span> 
     </span>
    </p>
   </div>
   <div class='ocr_carea' id='block_1_4' title="bbox 714 3963 2813 4063">
    <p class='ocr_par' dir='ltr' id='par_1_7' title="bbox 714 3963 2813 4063">
     <span class='ocr_line' id='line_1_33' title="bbox 714 3963 2813 4063; baseline -0.001 -21"><span class='ocrx_word' id='word_1_252' title='bbox 714 3965 879 4042; x_wconf 73' lang='lat' dir='ltr'><strong>xiii.</strong></span> <span class='ocrx_word' id='word_1_253' title='bbox 924 3965 1044 4058; x_wconf 90' lang='lat'><strong>15)</strong></span> <span class='ocrx_word' id='word_1_254' title='bbox 1086 3964 1201 4039; x_wconf 82' lang='lat' dir='ltr'><strong>Ga</strong></span> <span class='ocrx_word' id='word_1_255' title='bbox 1237 3974 1347 4037; x_wconf 88' lang='lat' dir='ltr'><strong>est</strong></span> <span class='ocrx_word' id='word_1_256' title='bbox 1391 3963 1585 4038; x_wconf 87' lang='lat' dir='ltr'><strong>latus</strong></span> <span class='ocrx_word' id='word_1_257' title='bbox 1620 3966 1788 4039; x_wconf 87' lang='lat' dir='ltr'><strong>cubi</strong></span> <span class='ocrx_word' id='word_1_258' title='bbox 1824 3966 2158 4063; x_wconf 85' lang='lat' dir='ltr'><strong>inseripti</strong></span> <span class='ocrx_word' id='word_1_259' title='bbox 2205 3966 2446 4039; x_wconf 90' lang='lat' dir='ltr'><strong>eidem</strong></span> <span class='ocrx_word' id='word_1_260' title='bbox 2479 3965 2813 4063; x_wconf 82' lang='lat' dir='ltr'><strong>sphaerae.</strong></span> 
     </span>
    </p>
   </div>
   <div class='ocr_carea' id='block_1_5' title="bbox 826 4075 2813 4175">
    <p class='ocr_par' dir='ltr' id='par_1_8' title="bbox 826 4075 2813 4175">
     <span class='ocr_line' id='line_1_34' title="bbox 826 4075 2813 4175; baseline 0.001 -25"><span class='ocrx_word' id='word_1_261' title='bbox 826 4077 1053 4151; x_wconf 85' lang='lat' dir='ltr'><strong>Latus</strong></span> <span class='ocrx_word' id='word_1_262' title='bbox 1082 4075 1575 4151; x_wconf 88' lang='lat' dir='ltr'><strong>dodecahedri</strong></span> <span class='ocrx_word' id='word_1_263' title='bbox 1609 4078 1685 4151; x_wconf 90' lang='lat' dir='ltr'><strong>in</strong></span> <span class='ocrx_word' id='word_1_264' title='bbox 1710 4078 1968 4152; x_wconf 91' lang='lat' dir='ltr'><strong>eadem</strong></span> <span class='ocrx_word' id='word_1_265' title='bbox 1997 4079 2285 4175; x_wconf 85' lang='lat' dir='ltr'><strong>sphaera</strong></span> <span class='ocrx_word' id='word_1_266' title='bbox 2318 4079 2678 4175; x_wconf 83' lang='lat' dir='ltr'><strong>inscripti,</strong></span> <span class='ocrx_word' id='word_1_267' title='bbox 2700 4090 2813 4152; x_wconf 85' lang='lat' dir='ltr'><strong>est</strong></span> 
     </span>
    </p>
   </div>
   <div class='ocr_carea' id='block_1_6' title="bbox 712 4177 2812 4287">
    <p class='ocr_par' dir='ltr' id='par_1_9' title="bbox 712 4177 2812 4287">
     <span class='ocr_line' id='line_1_35' title="bbox 712 4177 2812 4287; baseline 0 -25"><span class='ocrx_word' id='word_1_268' title='bbox 712 4177 960 4285; x_wconf 49' lang='lat' dir='ltr'><strong>&#39;majus</strong></span> <span class='ocrx_word' id='word_1_269' title='bbox 995 4203 1455 4287; x_wconf 86' lang='lat' dir='ltr'><strong>segmentum</strong></span> <span class='ocrx_word' id='word_1_270' title='bbox 1490 4202 1714 4265; x_wconf 87' lang='lat' dir='ltr'><strong>reetae</strong></span> <span class='ocrx_word' id='word_1_271' title='bbox 1750 4190 1885 4280; x_wconf 83' lang='lat' dir='ltr'><strong>Ga,</strong></span> <span class='ocrx_word' id='word_1_272' title='bbox 1922 4191 2002 4266; x_wconf 97' lang='lat' dir='ltr'><strong>id</strong></span> <span class='ocrx_word' id='word_1_273' title='bbox 2037 4205 2151 4265; x_wconf 87' lang='lat' dir='ltr'><strong>est</strong></span> <span class='ocrx_word' id='word_1_274' title='bbox 2185 4191 2435 4265; x_wconf 87' lang='lat' dir='ltr'><strong>lateris</strong></span> <span class='ocrx_word' id='word_1_275' title='bbox 2470 4190 2665 4278; x_wconf 87' lang='lat' dir='ltr'><strong>cubi,</strong></span> <span class='ocrx_word' id='word_1_276' title='bbox 2692 4214 2812 4263; x_wconf 84' lang='lat' dir='ltr'><strong>ex-</strong></span> 
     </span>
    </p>
   </div>
   <div class='ocr_carea' id='block_1_7' title="bbox 724 4303 2810 4515">
    <p class='ocr_par' dir='ltr' id='par_1_10' title="bbox 724 4303 2810 4515">
     <span class='ocr_line' id='line_1_36' title="bbox 724 4303 2709 4401; baseline 0 -25"><span class='ocrx_word' id='word_1_277' title='bbox 724 4313 961 4377; x_wconf 88' lang='lat' dir='ltr'><strong>trema</strong></span> <span class='ocrx_word' id='word_1_278' title='bbox 996 4315 1070 4376; x_wconf 92' lang='lat' dir='ltr'><strong>et</strong></span> <span class='ocrx_word' id='word_1_279' title='bbox 1094 4303 1339 4376; x_wconf 87' lang='lat' dir='ltr'><strong>media</strong></span> <span class='ocrx_word' id='word_1_280' title='bbox 1371 4303 1661 4378; x_wconf 88' lang='lat' dir='ltr'><strong>ratione</strong></span> <span class='ocrx_word' id='word_1_281' title='bbox 1696 4305 1878 4379; x_wconf 87' lang='lat' dir='ltr'><strong>secti</strong></span> <span class='ocrx_word' id='word_1_282' title='bbox 1919 4304 2083 4401; x_wconf 91' lang='lat' dir='ltr'><strong>(per</strong></span> <span class='ocrx_word' id='word_1_283' title='bbox 2120 4304 2331 4378; x_wconf 89' lang='lat' dir='ltr'><strong>Euel.</strong></span> <span class='ocrx_word' id='word_1_284' title='bbox 2361 4304 2512 4378; x_wconf 82' lang='lat' dir='ltr'><strong>xiii.</strong></span> <span class='ocrx_word' id='word_1_285' title='bbox 2560 4304 2709 4398; x_wconf 91' lang='lat'>17).</span> 
     </span>
     <span class='ocr_line' id='line_1_37' title="bbox 826 4416 2810 4515; baseline 0.001 -25"><span class='ocrx_word' id='word_1_286' title='bbox 826 4417 1053 4491; x_wconf 88' lang='lat' dir='ltr'><strong>Latus</strong></span> <span class='ocrx_word' id='word_1_287' title='bbox 1088 4416 1494 4491; x_wconf 87' lang='lat' dir='ltr'><strong>tetrahedri</strong></span> <span class='ocrx_word' id='word_1_288' title='bbox 1530 4418 1810 4515; x_wconf 84' lang='lat' dir='ltr'><strong>aequale</strong></span> <span class='ocrx_word' id='word_1_289' title='bbox 1846 4431 1957 4492; x_wconf 86' lang='lat' dir='ltr'><strong>est</strong></span> <span class='ocrx_word' id='word_1_290' title='bbox 1991 4428 2214 4493; x_wconf 86' lang='lat' dir='ltr'><strong>rectae</strong></span> <span class='ocrx_word' id='word_1_291' title='bbox 2250 4442 2412 4515; x_wconf 88' lang='lat' dir='ltr'><strong>quae</strong></span> <span class='ocrx_word' id='word_1_292' title='bbox 2433 4416 2810 4491; x_wconf 88' lang='lat' dir='ltr'><strong>subtendit</strong></span> 
     </span>
    </p>
   </div>
  </div>
 </body>
</html>
