3094 5125
878 494 1509 546 MATHEMATmAE
1551 497 2038 550 Romanula.
2353 489 2500 552 213

423 674 500 734 et
531 685 762 733 unum
790 662 1171 758 quodlibet
1200 685 1450 735 eorum
1480 662 1761 758 aequale
1796 674 2076 759 quartae
2108 665 2298 759 parti
2333 668 2501 739 coni
2573 702 2875 743 mucuns

422 775 749 871 ejusdem
784 775 1191 848 altitudinis
1227 790 1303 847 et
1337 775 1526 848 basis
1562 800 1727 848 cum
1766 776 2097 873 cylindro
2132 777 2500 875 descripto
2685 784 2766 823 W·

420 911 466 959 a
490 888 920 985 rectangulo
958 889 1124 961 DG.
1228 889 1361 959 Est
1396 889 1593 960 enim
1630 913 1880 977 conus,
1915 889 1993 961 id
2018 901 2152 981 est,
2188 891 2501 964 solidum

421 1000 869 1097 descriptum
925 1026 970 1074 a
1024 1000 1392 1097 triangulo
1444 1001 1824 1074 rectilineo
1876 1002 2088 1075 DGF
2145 1027 2500 1078 converso

420 1138 636 1211 super
671 1130 954 1188 rectum
992 1115 1150 1204 DF,
1196 1116 1418 1188 tertia
1464 1139 1633 1210 pars
1680 1114 1990 1211 cylindri
2053 1115 2401 1213 descripti
2455 1143 2501 1191 a

418 1229 854 1301 revolutioni
878 1228 1285 1325 rectanguli
1314 1228 1455 1301 DG
1479 1252 1698 1324 super
1719 1229 2025 1302 eandem
2048 1242 2325 1303 rectam
2349 1230 2496 1305 DF.

522 1341 853 1414 Con-sect.
889 1341 961 1413 ii.
1018 1341 1495 1414 Manifestum
1523 1341 1699 1413 hinc
1727 1354 1840 1415 est
1866 1343 2119 1416 eadem
2147 1342 2496 1416 methodo

418 1454 899 1527 demonstrari
965 1477 1201 1550 posse,
1271 1465 1563 1549 sumpta
1624 1455 1877 1550 quavis
1950 1455 2094 1528 alia
2150 1455 2499 1552 parallela

413 1568 842 1657 altitudinis,
878 1580 964 1640 ut
1000 1569 1064 1640 A
1058 1567 1146 1664 f,
1199 1568 1593 1640 terminata
1634 1591 1725 1640 ex
1772 1591 1919 1640 una
1950 1579 2157 1664 parte
2208 1569 2286 1640 in
2342 1568 2497 1641 dia-

412 1691 648 1754 metro
686 1681 852 1769 DB,
890 1704 981 1753 ex
1016 1680 1250 1752 altera
1273 1692 1484 1775 parte
1521 1680 1598 1751 in
1627 1679 1980 1775 cycloide,
2009 1693 2085 1753 et
2121 1681 2345 1756 ducta
2356 1681 2439 1778 f
2444 1717 2492 1753 π

409 1794 1109 1890 perpendiculariter
1153 1792 1248 1864 ad
1300 1792 1460 1882 BG,
1515 1793 1716 1889 quod
1768 1793 2079 1866 solidum
2120 1794 2397 1867 factum
2447 1820 2494 1869 a

412 1910 884 1981 conversione
926 1906 1127 2003 plani
1180 1906 1600 2001 cycloidalis
1639 1907 1777 1978 Bm
1770 1907 1852 2003 f
1859 1908 1926 1979 A
1971 1907 2168 1980 circa
2214 1919 2489 1980 rectam

409 2023 471 2093 A
471 2022 552 2117 f
589 2046 720 2117 per
767 2020 1252 2117 quadrantem
1311 2019 1590 2106 circuli,
1646 2020 1926 2115 aequale
1985 2043 2142 2092 esse
2206 2018 2489 2093 duabus

410 2136 648 2207 tertiis
709 2134 922 2209 solidi
981 2133 1159 2207 facti
1222 2132 1482 2205 eodem
1537 2144 1869 2228 tempore
1914 2158 1960 2206 a
2012 2133 2486 2206 conversione

410 2248 816 2343 rectanguli
854 2250 981 2321 Απ
1018 2271 1238 2343 supra
1273 2246 1582 2319 eandem
1623 2246 1686 2318 A
1676 2245 1764 2342 f

1075 2469 1572 2522 PRoPosl'rlo
1611 2468 1826 2520 xvn.

507 2589 855 2662 Centrum
893 2587 1273 2684 gravitatis
1316 2587 1754 2660 semicirculi
1802 2585 2156 2681 genitoris
2192 2586 2484 2661 ABCD

407 2703 512 2775 ita
540 2702 797 2775 dividit
824 2700 1111 2775 radium
1139 2701 1279 2772 AC
1305 2701 1383 2773 in
1417 2701 1506 2787 Ο,
1543 2713 1630 2773 ut
1664 2724 1833 2796 pars
1859 2700 2003 2773 Ao
2032 2701 2126 2773 sit
2163 2697 2238 2792 -ξῑ
2269 2725 2483 2775 arcus

407 2814 642 2890 BCD.

508 2930 585 3002 Si
635 2929 763 3001 fiat
823 2940 906 3000 ut
965 2928 1186 3001 tertia
1244 2950 1411 3023 pars
1471 2950 1685 2999 arcus
1740 2926 1952 2999 BCD
2019 2926 2114 2998 ad
2185 2927 2479 2999 tertiam

403 3056 682 3138 partem
754 3042 1145 3130 subtensae,
1201 3041 1279 3113 id
1334 3052 1467 3130 est,
1536 3039 1875 3113 diametri
1936 3040 2105 3129 BD,
2157 3040 2263 3113 ita
2313 3040 2478 3113 duae

400 3158 638 3230 tertiae
671 3156 859 3229 radii
895 3154 1059 3241 AB,
1106 3154 1184 3227 id
1242 3168 1375 3243 est,
1435 3177 1586 3226 una
1642 3153 1864 3225 tertia
1920 3152 2255 3226 diametri
2312 3154 2477 3243 BD,

400 3270 495 3342 ad
530 3281 889 3366 quartam,
923 3268 1065 3340 erit
1100 3267 1454 3339 terminus
1490 3266 1684 3338 illius
1730 3276 2012 3361 quartae
2046 3276 2353 3360 sumptae
2387 3269 2479 3339 ab

400 3384 466 3454 A
502 3406 753 3456 versus
791 3382 850 3455 C
887 3392 1221 3454 centrum
1281 3379 1662 3475 gravitatis
1717 3378 2154 3452 semicirculi
2187 3379 2479 3452 ABCD

407 3495 561 3588 (lib.
598 3497 647 3586 i,
687 3519 848 3590 cap.
884 3495 983 3584 ix,
1019 3518 1227 3590 prop.
1264 3494 1311 3581 i,
1358 3491 1672 3565 Guldini
1734 3491 1825 3564 de
1884 3489 2153 3565 Centro
2214 3492 2483 3565 Gravi-

401 3610 646 3703 tatis).
755 3610 865 3683 Sit
899 3609 1253 3681 terminus
1288 3606 1409 3679 ille
1445 3606 1534 3679 O.

499 3723 634 3795 Est
660 3747 835 3819 ergo
861 3722 1081 3795 tertia
1113 3743 1282 3816 pars
1319 3718 1658 3791 diametri
1698 3718 1837 3791 BD
1881 3718 2123 3791 media
2169 3743 2478 3816 propor-

401 3836 691 3908 tionalis
725 3837 920 3909 inter
968 3833 1262 3908 tertiam
1308 3845 1594 3928 partem
1651 3856 1865 3905 arcus
1924 3832 2136 3905 BCD
2193 3842 2268 3905 et
2302 3834 2474 3907 AO.

406 3947 770 4022 Quoniam
799 3973 974 4045 ergo
1002 3947 1359 4019 diameter
1391 3947 1555 4042 (per
1583 3946 1916 4040 superius
1943 3945 2472 4039 demonstrata)

401 4072 513 4133 est
547 4059 789 4133 media
820 4059 1387 4157 proportionalis
1422 4060 1618 4132 inter
1652 4083 1906 4131 arcum
1935 4058 2151 4131 BCD
2187 4070 2261 4132 et
2298 4059 2478 4134 duas

402 4175 692 4270 quintas
726 4197 935 4246 arcus
972 4172 1322 4269 ejusdem,
1374 4173 1599 4245 etiam
1649 4172 1872 4245 tertia
1923 4195 2091 4268 pars
2139 4172 2477 4246 diametri

400 4288 543 4360 erit
619 4284 863 4358 media
922 4284 1484 4381 proportionalis
1553 4285 1749 4357 inter
1830 4284 2125 4359 tertiam
2193 4297 2477 4380 partem

399 4425 611 4475 arcus
649 4397 861 4471 BCD
898 4410 974 4470 et
1006 4398 1302 4471 tertiam
1338 4409 1624 4493 partem
1669 4396 1977 4471 duarum
2033 4397 2474 4491 quintarum,
