3094 5125
827 537 1447 592 MATHEMATICAE
1489 541 1968 598 nonmnNAE.
2308 530 2443 594 195

379 727 457 777 se
492 705 842 779 methodo
878 706 1376 782 demonstrata
1409 733 1566 783 esse
1593 710 1932 807 opinatus
1966 721 2097 783 est.
2152 709 2255 784 Ut
2275 710 2445 806 quia

379 817 680 891 videbat
712 843 880 892 cum
915 821 1275 910 omnibuS,
1310 822 1388 895 in
1421 824 1930 918 progressione
1975 846 2446 897 numerorum

378 954 426 1004 a
450 933 727 1029 cyphra
753 932 903 1006 sive
940 942 1010 1023 O,
1037 957 1396 1008 summam
1446 960 1921 1010 numerorum
1973 935 2447 1033 progredien-

377 1044 564 1118 tium
598 1045 975 1120 dimidiam
1010 1071 1163 1121 esse
1200 1072 1503 1121 summae
1537 1048 1820 1121 numeri
1872 1048 2171 1122 maximi
2226 1049 2445 1122 toties

380 1159 652 1255 sumpti
687 1171 869 1255 quot
902 1170 1074 1234 sunt
1107 1160 1403 1234 termini
1435 1161 1989 1258 progressioniS,
2025 1161 2220 1234 idem
2255 1162 2448 1234 acci-

377 1269 555 1343 dere
581 1271 803 1344 etiam
832 1273 1216 1346 affirmavit
1242 1273 1369 1346 ubi
1404 1273 1619 1347 lineae
1649 1273 2057 1347 latitudinis
2091 1275 2447 1347 infinitae*

380 1382 687 1479 exiguae,
716 1397 1126 1460 crescentes
1159 1410 1206 1459 a
1237 1397 1539 1483 puncto,
1578 1386 1980 1460 secundum
1999 1388 2448 1483 progressio-

381 1519 551 1569 nem
596 1497 926 1589 eandem,
975 1499 1425 1574 constituent
1464 1500 1923 1596 superficiem
1979 1500 2448 1596 qualemcun-

380 1632 546 1706 que.
700 1610 944 1702 Quod,
1012 1612 1504 1686 nescientibus
1577 1612 1769 1686 illius
1843 1612 2307 1687 encomiastis
2373 1626 2449 1689 et

380 1723 747 1797 nonnullis
767 1737 1128 1822 praeterea
1152 1725 1576 1821 geometriae
1595 1725 2148 1821 professoribuS,
2160 1725 2447 1817 falsum,

380 1860 615 1932 neque
674 1837 816 1911 nisi
873 1838 963 1912 de
1009 1839 1393 1935 triangulis
1460 1839 1859 1913 rectilineis
1918 1838 2446 1931 universaliter,

377 1951 1013 2046 pronunciandum
1047 1964 1181 2026 est.

479 2063 746 2138 Vidisti
830 2065 985 2161 jam
1042 2075 1399 2140 tractatus
1434 2063 1767 2152 Wallisii,
1823 2073 1982 2136 tum
2056 2064 2449 2159 geometri-

383 2199 510 2249 cos
570 2186 729 2250 tum
787 2178 1307 2264 arithmeticOS,
1366 2176 1634 2251 nullius
1693 2199 1853 2249 esse
1904 2177 2144 2272 pretii,
2180 2188 2264 2249 ut
2316 2176 2444 2271 qui

385 2289 661 2363 nullam
680 2290 1060 2365 continent
1079 2293 1234 2365 veri
1255 2289 1724 2365 theorematis
1746 2288 2449 2363 demonstrationem

382 2427 692 2490 novam;
745 2403 873 2478 sed
919 2404 1035 2479 vel
1087 2405 1397 2479 aliorum
1450 2402 2108 2478 demonstrationes
2160 2403 2450 2499 symbo-

382 2515 543 2607 lice,
578 2516 657 2591 id
688 2527 800 2592 est
844 2519 1176 2608 obscure,
1236 2518 1716 2617 transcriptas
1756 2544 1776 2609 ;
1826 2517 1942 2591 vel
1999 2541 2166 2591 suas
2225 2516 2451 2614 ipsius

381 2630 649 2718 falsas3
698 2632 815 2705 vel
850 2633 1072 2707 etiam
1104 2633 1517 2730 aliquando,
1552 2631 1959 2729 praesertim
2000 2631 2078 2705 in
2101 2632 2450 2705 Tractatu

381 2743 478 2816 de
509 2744 995 2820 Arithmetica
1023 2746 1506 2841 Infinitorum,
1558 2748 2018 2820 theoremata
2048 2746 2208 2843 ipsa
2239 2745 2448 2819 falsa.

378 2857 425 2931 J
426 2856 644 2932 udica
669 2882 869 2956 ergo,
904 2859 1060 2957 ipse
1090 2859 1459 2932 Wallisius
1504 2869 1582 2933 et
1617 2858 1970 2932 doctrinae
2002 2858 2446 2931 Wallisianae

382 2973 976 3068 comprobatores
1010 2984 1085 3047 et
1117 2972 1604 3059 encomiastae,
1640 2972 1888 3068 quales
1948 2981 2120 3045 sunt
2164 2972 2446 3045 mathe-

380 3083 655 3159 matici.
756 3085 1031 3181 Legisti
1090 3085 1313 3159 etiam
1367 3083 1769 3158 Elenclmm
1823 3086 2003 3181 ejus,
2067 3096 2143 3157 et
2197 3082 2446 3158 vidisti

381 3220 600 3293 quam
637 3196 735 3271 sit
767 3198 1080 3273 refertus
1116 3196 1453 3271 convitiis
1486 3197 1895 3270 rusticanis.
1973 3197 2018 3270 J
2020 3197 2237 3269 udica
2269 3219 2444 3292 ergo

383 3334 604 3407 quam
629 3312 1038 3385 necessaria
1069 3310 1394 3385 conditio
1430 3311 1527 3384 sit
1560 3310 1655 3383 ad
1689 3309 2077 3405 theologiae
2112 3311 2449 3383 doctora—

385 3435 568 3514 tum,
601 3433 685 3497 ut
717 3423 877 3520 quis
912 3424 1009 3496 sit
1042 3423 1154 3495 vir
1185 3422 1445 3495 bonus.
1518 3421 2028 3494 Convitiorum
2055 3445 2274 3495 causa
2306 3421 2447 3496 fuit

386 3534 519 3609 ira.
622 3536 769 3609 Sed
789 3560 955 3632 quae
989 3559 1207 3609 causa
1239 3535 1418 3609 irae?
1523 3534 1829 3631 Nempe,
1849 3535 2180 3609 homines
2213 3536 2447 3608 ambi-

385 3646 557 3721 tiosi
592 3648 983 3745 cupidique
1002 3648 1380 3744 regnandi,
1418 3672 1566 3722 non
1586 3648 1806 3722 modo
1832 3649 1908 3721 in
1933 3647 2093 3722 foro
2120 3659 2444 3735 externo,

386 3759 516 3834 sed
541 3760 762 3835 etiam
799 3761 874 3834 in
908 3761 1221 3851 interno,
1256 3760 1351 3835 ad
1385 3785 1601 3834 omne
1637 3761 1916 3835 dictum
1940 3760 2054 3834 vel
2095 3762 2445 3858 scriptum

384 3872 584 3971 quod
619 3873 1006 3970 cupiditati
1029 3897 1282 3947 eorum
1313 3873 1767 3963 adversatur,
1802 3874 1996 3948 illico
2053 3874 2447 3947 excandes-

383 3997 611 4073 cunt;
698 3997 775 4060 et
845 3986 1205 4082 siquidem
1273 3987 1574 4078 audent,
1641 3987 2045 4061 maledictis
2113 3997 2444 4060 onerant.

385 4100 624 4174 Causa
647 4112 896 4174 autem
931 4101 1365 4198 ignorantiae
1400 4113 1537 4192 est,
1573 4102 1840 4196 partim
1874 4102 2073 4198 quod
2107 4101 2446 4173 scientias

383 4236 535 4286 non
569 4215 892 4310 ipsarum
921 4237 1193 4305 amore,
1231 4213 1361 4288 sed
1395 4214 1580 4287 lucri
1607 4238 1827 4288 causa
1870 4214 2164 4301 adeunt,
2200 4224 2283 4284 ut
2318 4211 2447 4283 sti-

386 4325 654 4422 pendia
705 4339 1172 4414 mereantur;
1224 4328 1536 4402 maxime
1583 4353 1756 4402 vero
1818 4327 2015 4424 quod
2067 4324 2446 4398 scientiam

808 4511 843 4546 ⁴*
877 4510 975 4572 Sic
1002 4512 1157 4571 Edit.
1195 4515 1364 4573 1688.
1453 4511 1677 4587 Quaere,
1713 4512 2037 4571 “infinita”

2110 4616 2159 4668 Ο
2194 4618 2223 4661 2

2510 739 2811 780 DIALOGUS

2648 821 2705 860 V.
