3094 5125
444 485 588 554 300
1359 503 1469 556 An
1510 502 1831 558 naemu.

541 693 909 768 Quoniam
941 706 1189 768 autem
1224 696 1573 794 quicquid
1597 696 2053 793 producitur,
2088 719 2220 792 per
2246 708 2525 770 motum
2551 720 2728 794 pro-

440 844 755 935 ducitur,
782 845 844 918 is
868 846 994 941 qui
1021 847 1412 943 suppositis
1439 850 1755 923 motibus
1776 847 2210 946 quibusdam
2232 848 2725 947 possibilibuS‚

437 995 578 1068 illis
632 1020 803 1070 usus
839 996 1390 1072 demonstrandi
1424 999 1824 1096 principiis»,
1859 999 2217 1097 propositi
2256 999 2726 1096 phaenomeni

436 1147 946 1221 necessitatem
1011 1159 1213 1222 recte
1274 1150 1631 1238 intulerit,
1703 1150 1765 1223 is
1831 1150 2136 1247 inquam
2193 1160 2482 1222 tantum
2547 1150 2727 1224 fecit

437 1305 792 1389 quantum
828 1296 921 1368 ab
956 1294 1278 1370 humana
1314 1298 1600 1371 ratione
1635 1297 2008 1393 expectari
2044 1296 2284 1370 debet.

536 1445 796 1541 Neque
831 1445 1011 1518 illud
1051 1470 1358 1543 parvum
1413 1457 1546 1520 est.
1650 1447 1808 1521 Etsi
1867 1447 2062 1520 enim
2106 1471 2265 1520 rem
2315 1447 2422 1520 ita
2464 1472 2724 1523 revera

432 1605 858 1689 generatam
909 1618 1065 1668 esse
1123 1619 1273 1669 non
1326 1597 1612 1692 probet,
1656 1598 1762 1670 ita
1814 1608 2062 1671 tamen
2117 1598 2451 1694 generari
2504 1623 2720 1695 posse

433 1744 716 1840 quoties
751 1748 1061 1820 materia
1089 1747 1303 1820 simul
1339 1761 1417 1820 et
1448 1758 1692 1821 motus
1726 1747 1801 1820 in
1837 1757 2092 1820 nostra
2123 1758 2487 1844 potestate
2520 1762 2718 1837 sunt,

431 1895 609 1970 satis
643 1899 930 1994 probat.
1034 1896 1122 1971 Id
1157 1896 1356 1993 quod
1403 1896 1742 1970 humanis
1782 1897 1998 1970 rebus
2048 1921 2198 1970 non
2252 1898 2492 1971 minus
2539 1899 2718 1973 utile

431 2058 565 2138 est,
601 2072 818 2144 quam
854 2047 913 2121 si
953 2046 1270 2143 cognitae
1305 2059 1547 2121 essent
1583 2047 1760 2143 ipsae
1795 2069 2035 2120 causae
2068 2046 2463 2121 naturales,

528 2199 834 2273 Naturae
877 2212 1121 2274 autem
1180 2198 1723 2294 contemplatio,
1772 2198 1995 2270 etiam
2041 2198 2196 2270 sine
2244 2197 2385 2270 illis
2440 2200 2714 2272 severis

430 2349 1074 2423 demonstrationis
1107 2348 1414 2445 legibuS,
1451 2346 1671 2419 modo
1706 2347 1969 2434 verbis,
2017 2346 2260 2443 qualia
2294 2347 2370 2420 in
2405 2348 2713 2445 scripto-

427 2500 628 2574 ribus
657 2500 981 2598 Physicae
1015 2522 1166 2573 non
1200 2521 1367 2572 raro
1401 2495 1889 2593 reperiuntur,
1941 2497 2278 2572 inanibus
2323 2509 2398 2573 et
2442 2500 2715 2598 ineptis

425 2674 575 2723 non
618 2651 978 2740 turbetur,
1014 2650 1341 2722 omnium
1375 2647 1602 2721 animi
1636 2670 1936 2743 operum
1984 2648 2508 2723 nobilissimum
2543 2662 2656 2724 est
2687 2673 2706 2717 ε

423 2799 565 2873 illis
610 2800 889 2888 saltem,
927 2798 1189 2896 quibus
1234 2798 1466 2870 otium
1503 2808 1616 2869 est
1661 2821 1706 2870 a
1752 2796 1996 2870 studio
2031 2821 2278 2871 rerum
2336 2802 2708 2875 communi

414 2951 597 3054 ,vitae
632 2951 1228 3024 necessariarum.

526 3099 747 3174 Quod
793 3125 838 3174 a
878 3125 995 3173 me
1036 3101 1112 3172 in
1161 3101 1302 3173 hoc
1356 3098 1603 3172 libello
1658 3101 2000 3174 effectum
2046 3114 2179 3191 est,
2230 3125 2494 3175 munus
2546 3125 2705 3176 esse

423 3252 578 3325 scio
620 3263 829 3326 tanto
867 3251 1081 3350 Rege
1104 3252 1513 3349 indignum.
1617 3252 1964 3325 Attamen
2001 3254 2063 3325 si
2104 3266 2481 3349 spectetur
2521 3253 2699 3351 (quo

423 3403 640 3477 modo
678 3404 1084 3478 oblationes
1119 3417 1452 3500 spectare
1487 3403 1672 3476 solet
1708 3402 1935 3494 Deus)
1973 3427 2122 3476 una
2149 3427 2317 3476 cum
2351 3404 2596 3477 animo
2628 3416 2701 3478 et

422 3580 501 3630 re
538 3555 932 3645 offerentis,
959 3578 1108 3627 non
1145 3554 1514 3651 ingratum
1546 3552 1706 3626 fore
1743 3576 2036 3650 sperare
2072 3553 2328 3627 debe0.

521 3707 792 3780 Verum
828 3717 914 3779 ut
946 3705 1105 3777 haec
1139 3704 1236 3777 ad
1269 3714 1474 3775 tuam
1496 3703 1966 3799 Majestatem
1990 3702 2280 3791 ferrem,
2302 3704 2555 3777 multae
2581 3729 2701 3778 me

420 3859 866 3955 impulerunt
899 3878 1159 3929 causae.
1264 3855 1530 3944 Prim0‚
1568 3854 1765 3950 quod
1817 3855 2330 3950 cognoscenda
2373 3865 2616 3928 essent
2649 3879 2696 3929 a

412 4008 662 4104 judice
696 4010 904 4104 cujus
938 4015 1129 4079 esset
1161 4002 1580 4077 intellectus
1619 4002 1959 4099 optimuS,
1996 4015 2074 4077 et
2125 4005 2317 4078 ratio
2371 4004 2701 4078 neutrius

417 4159 648 4254 partis
682 4157 925 4231 studio
978 4155 1267 4239 inflexa,
1301 4175 1438 4225 nec
1472 4150 1713 4224 verbis
1766 4150 2346 4246 significantibus
2400 4150 2697 4249 quidem

417 4307 626 4398 nihil,
653 4307 782 4381 sed
807 4305 1050 4403 qualia
1070 4301 1620 4377 difficultatibus
1641 4300 1872 4398 pressi
1891 4324 1986 4374 ne
2006 4300 2191 4375 nibil
2213 4301 2543 4374 dicerent
2564 4323 2699 4373 un-
