3094 5125
677 446 815 527 178
1101 463 1640 515 EXAMINATIO
1680 464 1784 515 ET
1820 462 2315 515 ΕΜΕΝοΑΤιο

293 660 595 701 manneus
670 642 997 729 possunt.
1101 632 1295 706 Nam
1330 632 1809 720 theoremata,
1845 641 2149 728 excepto
2192 625 2751 727 quadragesimo

300 811 310 827 ,
426 741 481 781 V·
670 745 1006 841 septim0,
1059 745 1257 840 quod
1312 769 1523 818 suum
1581 758 1692 819 est
1747 756 1821 818 et
1865 744 2153 833 falsum,
2209 745 2302 816 ab
2363 743 2527 816 aliis
2581 765 2753 814 vere

671 859 1173 932 demonstrata
1200 871 1414 942 sunt;
1452 857 1762 931 Wallisii
1791 869 2039 931 autem
2066 856 2751 944 demonstrationes,

666 985 972 1068 propter
1039 971 1479 1044 densitatem
1549 972 2065 1068 symbolorum,
2148 994 2296 1043 non
2368 981 2749 1065 apparent.

671 1085 932 1180 Neque
984 1084 1379 1180 quicquam
1432 1085 1728 1172 habent,
1766 1084 1904 1156 etsi
1939 1107 2134 1156 verae
2178 1095 2446 1171 essent,
2482 1093 2754 1177 praeter

667 1195 998 1292 analysin
1062 1196 1320 1268 alienae
1375 1197 1827 1292 syntheseos.
1955 1196 2063 1268 Ea
2114 1195 2341 1291 igitur
2394 1194 2752 1284 transiliO,

667 1332 1068 1406 properans
1090 1309 1184 1381 ad
1205 1319 1601 1382 tractatum
1625 1307 1720 1380 de
1742 1306 2237 1381 Arithmetica
2260 1304 2313 1376 Ι
2307 1307 2752 1401 nfinitorum,

671 1445 816 1517 quo
869 1421 1053 1494 nihil
1115 1443 1440 1516 unquam
1507 1421 1888 1517 quisquam
1944 1420 2133 1494 vidit
2199 1421 2277 1493 in
2344 1422 2755 1516 geometria

661 1535 977 1630 turpius,

768 1646 862 1721 B.
917 1647 1359 1752 Incipiamus
1395 1670 1573 1742 ergo
1610 1647 1703 1720 ab
1736 1646 2068 1742 Epistola
2102 1646 2597 1723 Dedicatoria.

770 1762 868 1835 A.
922 1761 1091 1835 Non
1120 1774 1234 1834 est
1257 1784 1578 1834 necesse.
1644 1760 1846 1833 Nihil
1883 1760 2080 1833 enim
2117 1762 2448 1835 continet
2480 1777 2754 1858 praeter

665 1875 1002 1949 ordinem
1044 1898 1340 1948 suarum
1386 1875 1615 1971 ipsius
1657 1874 2210 1970 cogitationum,
2269 1876 2531 1969 quibus
2582 1903 2754 1974 per-

667 1988 932 2062 ductus
968 1999 1079 2063 est
1114 1988 1211 2062 ad
1257 1988 1649 2063 absurdam
1686 1988 1884 2061 illam
1923 1989 2080 2084 ejus
2136 1988 2392 2060 circuli
2442 1991 2756 2085 quadra-

665 2113 932 2175 turam.
1070 2100 1329 2195 Neque
1387 2102 1463 2173 in
1523 2111 1845 2174 tractatu
1912 2099 2071 2196 ipso
2142 2101 2449 2175 ulterius
2510 2102 2755 2200 legam

667 2238 888 2310 quam
941 2212 1037 2287 ad
1091 2214 1669 2310 propositionem
1702 2214 1846 2285 xli:
1902 2215 2076 2310 quia
2118 2214 2396 2310 priores
2432 2216 2566 2289 has
2613 2241 2749 2313 pro

666 2328 1148 2401 fundamento
1182 2326 1392 2423 ponit
1428 2326 1753 2399 omnium
1790 2351 1956 2422 quae
1990 2340 2420 2424 sequuntur.
2506 2327 2771 2404 Prima'

665 2440 1068 2538 propositio
1125 2453 1239 2512 est
1297 2439 1583 2528 lemma,
1630 2440 1746 2512 vel
1816 2440 2061 2535 potius
2118 2439 2510 2537 problema
2561 2442 2747 2516 hoc:

672 2553 766 2627 Si
841 2562 1310 2653 proponatur
1397 2551 1636 2625 serie-s·
1720 2553 2244 2651 quantitatum·
2288 2554 2750 2630 arithmetice

653 2663 1358 2764 proportionalium,
1386 2665 1542 2738 sive
1575 2668 1806 2762 juata
1846 2665 2261 2739 naturalem
2294 2692 2751 2743 numerorum

666 2778 1293 2877 consequutionem
1331 2779 1670 2851 continue
1703 2779 2202 2869 crescentium,
2239 2804 2288 2852 a
2320 2792 2602 2877 puncto
2635 2782 2757 2855 vel

667 2901 715 2967 0
744 2891 1078 2991 (cypkra
1098 2916 1228 2964 seu
1254 2891 1528 2986 nihilo)
1559 2892 2087 2982 inchoatarum,
2110 2902 2306 2990 puta
2330 2903 2399 2983 Ο,
2423 2904 2484 2984 1,
2500 2905 2570 2984 2,
2589 2906 2745 2984 3,4,

666 3015 847 3088 etc.,·
871 3004 1349 3102 propositum
1375 3004 1478 3077 sit
1507 3003 1882 3102 inquirere
1907 3030 2124 3102 quam
2145 3004 2361 3079 habet
2386 3007 2749 3079 rationem

668 3141 923 3191 earum
955 3117 1264 3190 omnium
1303 3128 1811 3215 aggregatum
1858 3117 1964 3189 ad
2012 3130 2523 3217 aggregatum
2578 3122 2748 3194 toti-

668 3230 831 3303 dem
866 3230 1200 3302 maoeimoe
1235 3227 1648 3328 (equalium.
1959 3298 1967 3307 .

766 3344 864 3416 Β.
923 3343 1315 3416 Rationem
1350 3343 1576 3416 habet
1609 3354 1766 3417 tota
1799 3344 2022 3417 series
2057 3343 2151 3417 ad
2186 3369 2573 3419 numerum
2601 3359 2748 3420 ter-

669 3458 1038 3531 minorum
1104 3456 1668 3552 multiplicatum
1729 3479 1861 3552 per
1944 3458 2367 3547 maximum,
2439 3460 2746 3534 eandem

671 3593 891 3666 quam
925 3569 1149 3642 habet
1186 3568 1502 3641 semissis
1539 3568 1636 3641 ad
1686 3568 2078 3665 integrum.
2185 3571 2489 3645 Summa
2550 3574 2747 3646 enim

669 3682 1152 3757 terminorum
1221 3683 1577 3768 omnium,
1623 3691 1708 3753 ut
1766 3682 1843 3754 in
1875 3682 2017 3755 hac
2054 3683 2241 3756 serie
2278 3693 2349 3774 Ο,
2388 3694 2449 3773 l,
2477 3695 2547 3774 2,
2572 3696 2642 3770 3,
2669 3699 2743 3776 4,

671 3795 969 3892 aequalis
1004 3806 1113 3867 est
1145 3793 1505 3890 producto
1541 3818 1632 3867 ex
1667 3818 1971 3869 numero
2007 3798 2489 3871 terminorum
2519 3800 2745 3874 ducto

672 3911 749 3984 in
787 3909 1156 3983 semissem
1186 3908 1544 3981 maximae.
1632 3907 1892 4002 Itaque
1926 3932 2092 3981 cum
2128 3912 2422 3983 termini
2456 3913 2577 3985 hic
2598 3915 2749 3988 sint

673 4024 1017 4121 quinque,
1054 4032 1128 4094 et
1162 4020 1499 4093 maximae
1535 4019 1851 4092 semissis
1878 4030 1946 4108 2,
1995 4022 2137 4093 erit
2189 4023 2593 4119 productus
2652 4051 2744 4100 ex

674 4148 718 4211 2
748 4138 824 4210 in
862 4145 903 4208 5
943 4134 1242 4232 aequalis
1288 4142 1398 4207 10.
1501 4134 1632 4207 Est
1666 4145 1916 4206 autem
1960 4142 2046 4207 10
2076 4159 2358 4210 summa
2392 4139 2746 4213 termino-

672 4274 837 4323 rum
903 4249 1250 4323 omnium.
1379 4246 1583 4319 Idem
1647 4247 2107 4343 contingeret
2156 4248 2235 4322 in
2291 4251 2434 4324 alia
2491 4254 2743 4347 quavis

671 4365 1181 4459 progressione
1241 4361 1705 4436 arithmetica
1749 4360 2143 4459 incipiente
2197 4387 2242 4437 a
2300 4366 2598 4461 cyphra,
2658 4378 2743 4439 ut
