3094 5125
1047 521 1150 571 nn
1192 520 1527 573 NATURA
1567 520 1836 573 Aulus.
2345 512 2487 575 243

420 692 637 764 mitas
685 690 1054 786 perforata
1099 701 1211 763 est
1265 688 1360 761 ad
1412 690 1629 778 latus,
1679 691 1996 787 oblique,
2057 701 2139 764 ut
2201 693 2490 787 quando

421 830 600 901 opus
654 804 796 877 erit
840 801 1126 876 occludi
1174 813 1247 875 et
1288 803 1567 875 recludi
1622 805 1876 899 possit.
1980 804 2268 876 Partem
2325 829 2488 899 per-

418 919 730 991 foratam
787 915 1160 1012 appellant
1208 914 1597 989 valvulam.
1705 918 1792 990 In
1838 918 2229 990 cavitatem
2276 918 2491 1012 hujus

419 1031 607 1104 vasis
641 1029 1042 1127 cylindrici‚
1079 1029 1173 1101 ab
1219 1052 1370 1101 una
1412 1041 1621 1125 parte
1681 1030 2029 1103 inseritur
2089 1055 2252 1125 pars
2308 1031 2492 1115 tubi,

420 1168 581 1240 quae
605 1143 973 1240 prominet
1006 1167 1046 1215 e
1082 1143 1520 1237 recipiente:
1560 1144 1650 1216 ab
1678 1144 1906 1217 altera
1929 1155 2140 1239 parte
2168 1143 2492 1238 adigitur

418 1257 786 1353 cylindrus
856 1255 1129 1329 solidus
1198 1280 1288 1328 ex
1341 1255 1566 1351 ligno,
1638 1258 1761 1353 qui
1830 1257 2028 1330 corio
2083 1268 2322 1329 tectus
2388 1257 2495 1328 ita

416 1382 693 1456 exacte,
727 1368 823 1441 ad
867 1370 1276 1464 ingressum
1330 1370 1515 1441 aeris
1567 1368 2124 1464 prohibendum,
2179 1369 2492 1466 cylindri

417 1485 808 1556 cavitatem
843 1493 1200 1576 exaequat,
1235 1494 1321 1553 ut
1356 1482 1632 1554 intrudi
1668 1494 1744 1554 et
1789 1482 2063 1555 retrahi
2111 1482 2252 1554 nisi
2314 1483 2490 1555 satis

414 1620 682 1692 magna
713 1596 786 1667 vi
819 1619 968 1668 non
1001 1594 1250 1690 possit.
1311 1593 1700 1689 Cylindrus
1735 1594 1855 1666 hic
1891 1594 2162 1666 solidus
2187 1607 2492 1668 vocatur

416 1708 704 1798 Suc-tor,
733 1709 1001 1806 quippe
1039 1708 1162 1803 qui
1198 1708 1587 1780 adhibetur
1608 1707 1703 1780 ad
1736 1732 1977 1780 aerem
2014 1731 2053 1779 e
2091 1708 2488 1804 recipiente

416 1822 900 1919 exugendum.
1003 1821 1503 1895 Intellextin’?

515 1937 613 2010 A.
668 1938 803 2010 Ita.
931 1937 1042 2010 Ex
1105 1935 1388 2008 duobus
1458 1935 1749 2008 vasibus
1821 1934 2187 2022 concaviS,
2257 1933 2487 2005 altero

416 2051 671 2139 vitree,
729 2051 1109 2145 sphaerico,
1170 2049 1402 2120 altero
1457 2071 1687 2135 aeneo,
1744 2045 2166 2142 cylindric0,
2225 2047 2313 2117 fit
2366 2069 2491 2117 vas

416 2187 644 2235 unum
706 2186 1158 2246 concavum3
1211 2161 1288 2233 in
1348 2162 1555 2256 cujus
1610 2158 2085 2233 commissura
2142 2156 2492 2229 transitus

418 2277 568 2350 aeri
606 2277 700 2350 ad
733 2277 1023 2349 libitum
1057 2275 1510 2373 permittitur
1543 2274 1658 2347 vel
1694 2282 2045 2369 negatur:
2098 2283 2173 2344 et
2206 2270 2492 2342 valvula

418 2401 551 2477 est,
575 2413 705 2486 per
728 2412 946 2486 quam
975 2413 1100 2461 aer
1128 2412 1169 2460 e
1191 2411 1360 2460 vase
1386 2386 1751 2473 inferiore,
1778 2409 2039 2480 nempe
2066 2382 2488 2480 cylindric0,

418 2504 654 2577 emitti
679 2512 948 2599 potest,
977 2501 1270 2598 quando
1298 2525 1480 2599 opus
1517 2502 1679 2590 erit,
1717 2501 1793 2573 in
1829 2509 2164 2596 apertum
2201 2497 2486 2570 coelum.

514 2615 609 2690 B.
661 2617 922 2689 Tenes.
999 2615 1381 2687 Suctorem
1417 2627 1689 2702 autem,
1729 2614 1899 2709 quia
1931 2613 2038 2686 vis
2072 2611 2488 2706 requiritur,

415 2730 832 2802 machinula
901 2728 1238 2825 quadam,
1310 2728 1505 2823 quali
1576 2726 1857 2799 utimur
1924 2725 2019 2798 ad
2084 2725 2491 2798 tensionem

416 2843 867 2930 balistarum,
903 2842 1163 2929 ferrea,
1199 2841 1524 2928 dentata,
1553 2840 1629 2912 in
1668 2839 2078 2935 cylindrum
2112 2837 2494 2934 impellunt

418 2956 945 3052 revelluntque.
1047 2955 1180 3027 Est
1229 2965 1586 3050 praeterea
1633 2954 1711 3025 in
1759 2952 2156 3047 recipiente
2210 2974 2492 3023 summo

417 3070 774 3144 orificium
808 3069 983 3142 satis
1016 3067 1362 3164 amplum,
1397 3091 1547 3139 una
1581 3089 1745 3138 cum
1781 3065 2124 3160 operculo
2160 3074 2235 3136 et
2269 3064 2491 3136 clavi-

419 3185 605 3273 cula,
635 3183 903 3279 quibus
930 3180 1025 3254 ad
1057 3203 1300 3254 aerem
1323 3180 1767 3252 ambientem
1801 3176 2338 3250 admittendum
2372 3175 2488 3247 vel

418 3296 951 3371 excludendum
986 3293 1255 3390 aperiri
1295 3304 1372 3365 et
1416 3292 1660 3365 claudi
1714 3302 1978 3388 potest.
2083 3289 2492 3384 Imaginare

410 3410 587 3505 jam,
623 3409 937 3483 transitu
986 3408 1183 3481 inter
1231 3406 1593 3501 recipiens
1628 3417 1701 3478 et
1753 3404 2163 3502 cylindrum
2209 3426 2492 3476 aeneum

417 3547 568 3597 non
635 3521 1016 3620 impeditO,
1085 3532 1452 3593 suctorem
1534 3542 1767 3615 usque
1837 3518 1931 3590 ad
1999 3517 2491 3590 summitatem

419 3636 731 3733 cylindri
788 3635 1028 3731 adigi3
1092 3633 1355 3706 deinde
1414 3633 1730 3707 transitu
1790 3632 1966 3719 aeri,
2014 3655 2224 3704 versa
2276 3629 2495 3702 clavi-

420 3749 605 3840 cula,
637 3749 956 3836 occluso,
978 3759 1349 3819 suctorem
1383 3746 1912 3843 aliquantulum
1946 3744 2238 3817 retrahi.
2293 3740 2492 3815 Quid

418 3874 634 3958 putas
667 3862 839 3934 inde
867 3859 1391 3956 sequuturum?
1493 3859 1757 3931 Nonne
1796 3858 2089 3930 relictus
2124 3881 2168 3929 a
2202 3865 2491 3927 suctore

420 3976 625 4048 locus
679 3976 817 4048 erit
871 3973 1198 4046 vacuus?
1303 3972 1518 4045 Unde
1575 3971 1768 4045 enim
1825 3971 1966 4044 nisi
2016 3995 2060 4043 a
2097 3968 2492 4062 recipiente

421 4088 847 4184 repleretur,
934 4110 1103 4159 cum
1170 4086 1563 4158 transitum
1633 4084 1982 4157 ambienti
2057 4080 2207 4154 aeri
2273 4090 2494 4173 neget

424 4213 697 4287 suctor,
734 4198 1044 4294 cylindri
1080 4222 1480 4271 concavum
1517 4209 1773 4270 exacte
1807 4197 2115 4292 implens
2144 4193 2170 4265 Ρ

522 4312 616 4386 A.
670 4312 927 4406 Neque
964 4310 1157 4383 unde
1191 4311 1454 4407 repleri
1483 4323 1751 4406 potest,
1780 4335 1915 4382 nec
1952 4306 2127 4403 quid
2153 4316 2491 4400 sequutu-

426 4449 589 4504 rum
622 4426 717 4499 sit
752 4424 920 4496 sciri
953 4447 1166 4520 posse
1212 4432 1416 4520 puto,
1453 4424 1592 4496 nisi
1642 4432 1906 4496 natura
1954 4420 2142 4493 aeris
2191 4420 2288 4491 sit
2320 4430 2493 4489 ante

2146 4555 2197 4606 R
2231 4557 2260 4601 2
