3094 5125
972 524 1529 577 PRoaLEMA‘rA
1571 523 1956 576 Pan1cA.
2351 512 2494 577 355

417 693 681 789 ipsum,
720 693 844 789 qui
882 692 1271 790 dissipatus
1300 693 1377 766 in
1402 705 1651 789 partes
1678 692 2224 780 minutissimaS,
2246 691 2496 766 viden·
2573 723 2709 763 car.
2743 724 2848 763 vn.

418 815 567 894 tur,
603 817 907 902 propter
959 806 1444 903 splendorem,
1495 807 1847 900 majorem
1906 805 2174 879 molem
2227 806 2497 880 habere
2524 792 2863 908 „W

419 942 638 1014 quam
675 942 926 993 revera
961 920 1255 993 habent.
1323 919 1421 993 Et
1453 919 1550 992 ad
1587 942 2001 993 mensuram
2036 943 2180 1015 qua
2213 942 2501 1016 semper
2522 916 2809 973 P⁹⁰¹¹¹⁰²¹¹²¹ffi
2839 921 2923 960 ω·

417 1031 650 1127 magis
712 1032 1177 1128 dissipantur,
1234 1031 1398 1129 plus
1455 1032 1644 1105 aeris
1695 1055 1828 1128 per
1870 1032 2194 1130 pulveris
2248 1048 2498 1129 partes

417 1143 803 1241 dissipatas
837 1145 1406 1242 subingreditur.
1508 1145 1753 1218 Etiam
1784 1170 1919 1243 per
1949 1146 2280 1219 foramen
2318 1145 2498 1219 illud

417 1258 762 1353 exiguum
824 1257 1021 1332 unde
1079 1259 1315 1356 pulvis
1367 1258 1816 1348 accenditur,
1872 1257 2286 1356 ingreditur
2344 1282 2493 1331 aer.

420 1371 569 1446 Qui
606 1371 750 1445 duo
783 1384 1029 1446 motus
1080 1396 1243 1444 cum
1293 1372 1442 1446 sint
1487 1373 1564 1444 in
1618 1394 1786 1445 aere
1843 1371 2216 1460 contrarii,
2253 1383 2496 1444 motus

419 1506 509 1556 ex
543 1483 684 1557 illis
721 1486 1168 1582 compositus
1201 1485 1442 1559 minor
1475 1485 1619 1559 erit
1653 1509 1870 1582 quam
1916 1498 2003 1559 ut
2048 1496 2494 1559 tormentum

416 1596 700 1691 possint
732 1598 1105 1695 repellere.

519 1709 615 1782 A.
670 1711 939 1785 Audivi
964 1724 1371 1786 asserentes
1400 1713 1828 1807 sclopetum,
1852 1711 2084 1808 magis
2112 1711 2227 1783 vel
2254 1711 2494 1785 minus

409 1820 613 1916 justo
648 1837 1052 1914 oneratum,
1081 1824 1302 1921 pilam
1340 1846 1627 1918 semper
1660 1824 1767 1896 ita
1793 1823 2054 1918 ejicere
2084 1836 2165 1895 ut
2201 1822 2492 1919 signum

415 1956 785 2031 nunquam
821 1937 1060 2026 feriat,
1097 1937 1226 2010 sed
1251 1961 1537 2033 semper
1564 1961 1608 2009 a
1632 1936 1823 2032 signi
1858 1936 2085 2009 latere
2108 1936 2488 2009 aberrare:

415 2046 545 2119 sed
607 2062 991 2123 oneratum
1052 2062 1256 2124 certa
1310 2049 1624 2147 quadam
1679 2048 1998 2146 pulveris
2054 2047 2487 2144 quantitate,

414 2183 785 2259 nunquam
820 2187 1087 2237 errare.

512 2275 611 2348 B.
668 2275 1055 2351 Quomodo
1110 2277 1185 2350 id
1242 2277 1346 2349 ita
1399 2299 1558 2349 esse
1615 2276 1869 2372 possit,
1926 2299 2076 2348 non
2133 2274 2486 2371 intelligo.

415 2388 730 2463 Quando
786 2391 981 2463 euim
1035 2415 1199 2487 quae
1251 2390 1328 2462 in
1386 2412 1609 2462 causa
1662 2400 1833 2462 sunt
1885 2388 2132 2461 omnia
2183 2389 2492 2484 aequalia

411 2513 606 2591 sunt,
641 2504 943 2577 effectus
989 2503 1381 2602 iuaequales
1416 2526 1573 2577 esse
1621 2526 1769 2575 non
1816 2510 2148 2599 possunt.
2254 2500 2488 2575 Simul

408 2625 630 2709 atque
662 2615 901 2710 pulvis
944 2616 1278 2712 ignescit,
1316 2628 1392 2689 et
1438 2627 1831 2709 antequam
1879 2614 2028 2710 pila
2078 2614 2314 2710 ejecta
2367 2613 2485 2703 sit,

410 2725 776 2822 sclopetus
809 2751 1185 2800 recurrere
1219 2727 1497 2823 incipit.
1603 2726 1841 2800 Causa
1876 2750 2051 2823 ergo
2080 2750 2237 2799 esse
2265 2726 2488 2800 debet

407 2837 484 2911 in
521 2862 744 2912 manu
792 2840 984 2912 illius
1018 2841 1143 2936 qui
1192 2840 1599 2935 sclopetum
1647 2850 1874 2927 tenet,
1908 2838 2025 2912 vel
2065 2839 2162 2933 (si
2199 2840 2294 2912 sit
2331 2852 2484 2914 tor-

405 2963 731 3025 mentum
766 2952 1140 3047 bellicum)
1181 2953 1259 3025 in
1304 2966 1503 3026 terra
1550 2952 1669 3024 cui
1715 2951 1990 3025 insistit
2034 2965 2335 3049 propter
2377 2952 2482 3025 in·

404 3064 875 3139 clinationem
922 3065 1039 3139 vel
1085 3066 1528 3139 scabritiem.
1636 3064 1947 3137 Causam
1994 3066 2210 3138 aliam
2265 3066 2482 3163 hujus

402 3190 706 3252 eventus
749 3179 1132 3276 imaginari
1167 3202 1315 3252 non
1349 3201 1675 3275 possum.

498 3292 597 3365 A.
657 3293 869 3367 Unde
905 3293 1137 3366 oritur
1171 3290 1566 3365 refractio?

502 3404 600 3478 B.
656 3405 978 3481 Quando
1013 3405 1208 3478 actio
1242 3405 1327 3477 fit
1362 3404 1439 3476 in
1473 3413 1679 3476 recta
1711 3402 1807 3476 ad
1841 3403 2298 3499 superficiem
2326 3429 2480 3478 cor-

399 3519 596 3613 poris
642 3521 877 3615 pressi
923 3519 1040 3592 vel
1091 3518 1417 3617 percussi
1479 3515 2091 3614 perpendiculari,
2138 3517 2480 3590 refractio

397 3630 694 3703 omniuo
719 3632 920 3705 nulla
945 3632 1106 3706 erit.
1160 3629 1697 3727 Propagabitur
1731 3629 1927 3702 enim
1962 3630 2154 3703 actio
2189 3629 2266 3702 in
2287 3628 2482 3704 linea

395 3743 1004 3838 perpendiculari.
1029 3744 1302 3819 Verum
1324 3745 1385 3818 si
1407 3744 1689 3841 pressio
1700 3742 1817 3816 vel
1839 3743 2213 3839 percussio
2237 3742 2331 3814 sit
2352 3743 2480 3815 ob-

393 3853 614 3950 liqua,
639 3856 1079 3953 refringetur
1105 3859 1300 3932 actio
1328 3858 1404 3930 in
1440 3880 1601 3930 eam
1635 3866 1923 3952 partem
1951 3880 2168 3952 quam
2205 3865 2475 3928 natura

395 3969 745 4064 corporiS,
779 3994 913 4065 per
948 3970 1147 4066 quod
1190 3971 1384 4044 actio
1417 3979 1891 4066 propagatur,
1928 3967 2473 4042 determinabit.

492 4092 591 4167 A.
647 4094 1035 4169 Quomodo
1073 4095 1500 4192 refringitur
1533 4094 1833 4167 lumen?

495 4204 587 4276 B.
641 4206 720 4279 Si
754 4207 945 4280 actio
979 4209 1333 4303 procedat
1373 4232 1503 4304 per
1556 4230 1822 4304 corpus
1859 4205 2057 4302 quod
2099 4205 2361 4292 minuS‚
2398 4204 2476 4277 in

392 4342 656 4415 corpus
691 4316 888 4414 quod
923 4319 1154 4414 magis
1189 4321 1487 4409 resistit,
1527 4334 1605 4393 et
1638 4319 1731 4392 ad
1775 4329 2132 4416 punctum
2179 4319 2474 4414 superfi-

391 4432 527 4505 ciei
562 4432 636 4505 in
663 4455 883 4528 quam
918 4432 1181 4505 incidit
1217 4445 1490 4506 rectam
1516 4433 1740 4506 ducas
1768 4430 2474 4529 perpendicularem,

2078 4570 2127 4617 A
2156 4568 2205 4618 A
2250 4573 2279 4614 2
