3094 5125
725 509 1357 563 MATHEMATICAE
1399 510 1888 562 nomnRNAE.
2275 495 2360 559 51

354 675 460 748 B.
516 676 796 773 AEque.

355 787 455 862 Α.
510 790 619 863 Et
692 814 1043 865 numerus
1128 791 1645 888 quadrantum,
1712 813 1958 863 nonne
2023 808 2371 861 numerus

258 902 565 999 proprie
605 903 909 977 dietus?

358 1016 462 1089 B.
521 1015 813 1090 Etiam.

359 1129 463 1203 Α.
518 1129 630 1202 Et
668 1130 720 1225 ἓ
757 1130 907 1203 sive
953 1129 1296 1220 dodram,
1332 1153 1579 1202 nonne
1623 1140 1736 1202 est
1787 1153 2134 1205 numerus
2190 1156 2370 1229 qua-

262 1240 626 1315 drantum
661 1243 687 1314 Ρ

363 1355 464 1428 Β.
519 1357 695 1429 Est.

363 1468 462 1541 Α.
520 1468 890 1564 Idemque
923 1492 1274 1542 numerus
1309 1467 1638 1542 fractus?

367 1578 468 1652 B.
522 1580 824 1654 Vicisti.
926 1582 1120 1654 Nam
1190 1603 1337 1678 qna
1404 1580 1690 1653 ratione
1759 1578 2040 1655 diceret
2104 1583 2368 1681 aliquis

275 1715 667 1767 numerum
702 1693 1159 1791 integrorum
1185 1694 1417 1790 magis
1450 1694 1748 1791 proprie
1780 1718 2169 1771 numerum
2196 1698 2367 1791 dici,

275 1826 489 1898 quam
522 1807 889 1903 partium,
924 1808 1181 1881 eadem
1213 1807 1499 1881 ratione
1534 1807 1812 1904 poterit
1846 1809 2090 1884 dicere
2116 1836 2370 1885 nume-

278 1940 433 1990 rum
468 1920 709 1994 boum
745 1921 978 2017 magis
1012 1922 1305 2017 proprie
1341 1920 1511 2010 diei,
1542 1943 1765 2017 quam
1797 1921 2069 1994 ovium.
2172 1925 2370 1998 Hae-

279 2041 487 2107 tenus
534 2058 727 2131 ergo
774 2058 924 2107 non
958 2034 1177 2108 modo
1211 2058 1364 2107 non
1399 2044 1631 2123 ἀκριβῆ,
1668 2032 1799 2105 sed
1851 2034 2075 2107 etiam
2118 2035 2369 2132 inepta

279 2157 469 2234 sunt,
507 2170 684 2242 quae
718 2146 1077 2242 legimus;
1146 2146 1677 2242 authoremque
1723 2154 1951 2219 tantae
1984 2146 2369 2220 subtilitati

282 2254 633 2353 imparem
681 2282 841 2332 esse
888 2259 1242 2332 indicant.
1348 2258 1606 2356 Capite
1642 2258 1926 2355 quint0‚
1960 2259 2087 2331 ubi
2123 2271 2370 2333 osten-

283 2368 447 2444 dere
470 2373 875 2468 pollicetur
892 2372 1514 2471 procreationem,
1542 2397 1762 2469 quam
1787 2372 2109 2470 appellat
2143 2372 2369 2446 etiam

282 2484 873 2584 originalium,
921 2510 1419 2572 numerorum,
1481 2496 2032 2583 expectaveram
2089 2486 2368 2585 aliquid

283 2600 468 2689 novi,
503 2612 590 2674 ut
650 2601 815 2697 quis
861 2601 1138 2697 primus
1192 2623 1559 2690 numerOS,
1594 2601 1710 2673 vel
1764 2602 2022 2675 saltem
2068 2602 2370 2675 nomina

286 2714 714 2804 numeralia,
735 2713 1015 2810 primus
1042 2714 1346 2787 invenit.
1451 2714 1599 2788 Sed
1631 2714 1724 2788 de
1758 2714 1900 2788 hoe
1933 2739 2028 2788 ne
2061 2715 2370 2788 verbum

289 2825 576 2919 quidem
612 2828 861 2901 habet.

380 2939 476 3013 A.
530 2938 623 3013 Si
679 2940 922 3039 igitur
973 2938 1099 3011 ubi
1134 2939 1364 3039 prius
1418 2938 1631 3013 nulla
1690 2949 1882 3027 erat,
1943 2949 2369 3038 apponatur

291 3051 548 3144 unitas,
583 3054 696 3125 eit
752 3075 1091 3125 numerus
1134 3051 1552 3150 singularis
1575 3080 1607 3137 ;
1657 3054 1728 3125 si
1762 3052 2007 3126 adhuc
2040 3052 2372 3126 addatur

292 3164 529 3238 mitae
586 3165 779 3255 alia,
839 3165 1158 3263 emergit
1210 3189 1550 3238 numerw
1601 3165 1939 3239 binarius
1966 3191 1995 3248 ,·
2062 3164 2371 3238 accedat

294 3276 462 3368 alia,
500 3289 577 3353 et
610 3279 965 3378 exsurgit
999 3277 1397 3351 ternarius,
1497 3278 1788 3377 Estque
1818 3277 1978 3351 haec
2010 3301 2192 3350 vera
2240 3302 2373 3351 nu-

297 3412 643 3466 merorum
711 3391 1123 3490 originatio
1190 3415 1323 3464 seu
1377 3389 2373 3490 promentia—Eleganter

296 3499 486 3591 illud,
519 3505 648 3579 ubi
670 3505 892 3602 prius
925 3504 1117 3578 nihil
1146 3512 1342 3596 erat,
1372 3515 1827 3603 apponatur.
1905 3505 2004 3578 Et
2038 3527 2131 3576 ex
2163 3502 2373 3576 addi-

299 3614 481 3691 tione
512 3619 884 3693 unitatum
916 3618 1079 3691 fieri
1112 3642 1522 3704 numerum,
1559 3618 1686 3692 sed
1732 3642 1872 3692 nee
1917 3617 2160 3689 minus
2209 3616 2372 3690 fieri

298 3750 420 3822 per
447 3733 900 3807 ablationem
945 3732 1269 3828 partium
1320 3732 1713 3828 aequalium
1749 3733 1840 3805 ab
1874 3755 2024 3806 uno
2060 3730 2257 3818 dato,
2292 3730 2373 3803 id

304 3853 419 3926 est,
446 3870 579 3941 per
613 3845 1072 3934 divisionem,
1107 3845 1318 3941 pueri
1353 3845 1639 3931 sciunt3
1693 3869 1922 3942 quare
1957 3855 2205 3917 autem
2239 3867 2372 3941 per

307 3958 740 4037 additionem
787 3963 1037 4059 potius
1093 3986 1313 4060 quam
1360 3986 1492 4059 per
1537 3963 2007 4051 ablationem,
2051 3962 2261 4058 pueri
2296 3971 2373 4033 et

305 4069 657 4151 wallisius
700 4079 913 4174 juxta
961 4076 1322 4150 nesciunt.
1427 4077 1727 4150 Poterat
1771 4100 1949 4173 ergo
2003 4075 2372 4149 subtilitas

306 4181 474 4275 haec,
507 4191 665 4264 sine
711 4190 863 4263 ulla
909 4188 1469 4263 existimationis
1524 4213 1676 4263 suae
1743 4200 1871 4262 aut
1938 4185 2371 4262 eruditionis

306 4311 560 4377 nostrae
604 4304 920 4398 jactura,
965 4301 1456 4398 praetermitti,
1495 4301 2110 4398 quemadmodum
2159 4309 2236 4371 et
2291 4298 2373 4371 id

311 4413 490 4504 quod
537 4415 868 4515 proxime
926 4417 1278 4514 sequitur,
1330 4415 1678 4490 nimirum
1735 4415 1902 4504 hoc,
1956 4422 2071 4486 est
2131 4410 2374 4510 igitur

2019 4547 2068 4598 n·
2106 4547 2137 4592 2

2438 709 2739 752 DlALosz

2576 790 2616 830 1.
