3094 5125
1094 1481 1281 1563 AD
1392 1480 1959 1577 REGEM.

390 2047 612 2121 Fano
683 2047 779 2121 ad
839 2058 937 2137 te,
1005 2048 1536 2145 potentissime,
1600 2050 2081 2138 serenissime,
2149 2048 2422 2146 optime
2487 2049 2669 2137 Rex,

386 2193 929 2295 humillimeque
998 2200 1250 2288 offero,
1317 2199 1771 2295 problemata
1840 2196 2177 2295 quaedam
2248 2220 2410 2269 mea
2475 2197 2675 2270 eirca

386 2345 692 2421 Naturae
748 2348 1260 2437 Phaenomena‚
1313 2372 1464 2422 non
1510 2348 1733 2421 modo
1787 2347 1914 2421 illa
1966 2369 2129 2443 quae
2187 2346 2279 2419 ab
2335 2345 2674 2418 omnibus

385 2496 758 2571 observari
790 2498 1049 2589 solent,
1085 2498 1212 2573 sed
1250 2498 1471 2574 etiam
1526 2497 1653 2571 illa
1697 2498 1842 2572 alia
1889 2522 2053 2595 quae
2106 2497 2199 2572 ab
2254 2496 2674 2571 hominibus

384 2648 779 2743 ingeniosis
837 2671 972 2745 per
1024 2661 1261 2722 artem
1317 2661 1393 2723 et
1445 2649 1821 2723 machinas
1873 2649 2292 2746 nuperrime
2347 2647 2677 2721 exhibita

391 2808 605 2871 sunt:
659 2799 1222 2873 meditationum
1256 2825 1587 2874 mearum
1619 2802 2089 2899 physicarum
2120 2812 2408 2897 partem
2442 2801 2677 2873 maxi-

391 2974 585 3024 mam
612 2962 688 3023 et
720 2952 1396 3047 probabilissimam.

491 3100 772 3198 Redegi
832 3113 1076 3175 autem
1130 3125 1239 3192 ea,
1289 3100 1567 3175 ordinis
1627 3124 1869 3188 causa,
1919 3098 2015 3172 ad
2069 3098 2317 3195 capita
2369 3109 2671 3193 septem.

392 3273 448 3338 1,
483 3250 596 3324 De
624 3251 1022 3326 Gravitate.
1078 3273 1169 3340 11,
1207 3250 1316 3323 De
1342 3249 1669 3322 AEstibus
1704 3248 2036 3322 Marinis,
2094 3270 2223 3339 111,
2261 3248 2373 3322 De
2393 3247 2670 3321 Vacuo.

390 3424 504 3492 ιν,
541 3401 653 3476 De
685 3402 967 3476 Calore.
1071 3424 1150 3492 v,
1188 3400 1299 3474 De
1333 3401 1535 3474 Duro
1573 3412 1647 3474 et
1692 3400 1924 3475 Molli.
2028 3422 2144 3490 v1,
2182 3401 2292 3475 De
2325 3400 2674 3495 Tempes-

389 3554 662 3626 tatibus
730 3554 966 3628 Aeris,
1092 3575 1243 3641 vu,
1300 3552 1412 3625 De
1480 3552 1783 3626 diversis
1853 3553 2198 3628 Motuum
2255 3552 2672 3650 generibus.

391 3705 677 3780 Quibus
711 3702 1002 3800 adjecta
1036 3715 1148 3777 est
1185 3703 1605 3800 Duplioatio
1635 3704 1852 3777 Cubi.

489 3857 854 3953 Principia
904 3855 1229 3953 physica,
1268 3881 1418 3930 non
1454 3868 1539 3929 ut
1576 3856 2033 3929 definitiones
2068 3866 2145 3929 et
2179 3855 2551 3927 axiomata
2595 3855 2673 3928 in

386 4009 924 4096 mathematica,
985 4011 1391 4084 certissima
1457 4021 1653 4100 sunt,
1722 4009 1850 4082 sed
1928 4019 2216 4081 tantum
2272 4008 2672 4102 supposita.

387 4160 712 4232 Effectus
748 4159 944 4231 enim
978 4160 1280 4234 Naturae
1326 4160 1520 4233 idem
1573 4160 1750 4256 quin
1785 4183 1830 4232 a
1870 4158 2027 4231 Deo
2065 4157 2370 4231 Naturae
2419 4158 2674 4232 condi-

387 4322 545 4386 tore
580 4310 828 4386 multis
864 4310 1099 4388 modis
1132 4312 1446 4386 conduci
1479 4311 1827 4408 potuerit,
1865 4309 2047 4384 nihil
2075 4310 2436 4405 prohibet.
