3094 5125
1042 522 1712 577 GEOMETRARUM.
1895 524 1900 529 ·
2277 508 2425 585 427

339 691 454 766 vel
509 698 556 763 6
601 689 697 762 ad
732 696 802 761 3.
907 690 1189 764 Rursus
1246 692 1324 765 in
1383 692 1644 767 iisdem
1711 691 2039 765 numeris
2098 690 2428 779 inversis,
2495 716 2634 758 cn.
2664 715 2795 756 xxv.

338 817 564 880 2—4.
588 810 810 892 3-6,
843 804 1346 900 multiplicatis
1399 806 1596 880 inter
1647 829 1727 880 se
1777 817 1937 878 tum
1985 803 2431 878 anteceden-
2485 842 2556 887 n.
2575 841 2799 886 mim

341 920 541 992 tibus
576 928 737 991 tum
771 919 1408 1013 consequentibus,
1436 921 1675 993 oritur
1706 919 1896 993 ratio
1932 926 1979 991 6
2015 917 2112 990 ad
2147 926 2240 991 24
2280 917 2432 989 sive
2487 906 2673 953 ⁰⁸¹⁶¹¹¹⁰·

354 1031 499 1106 lad
521 1042 773 1125 4,quae
801 1040 912 1103 est
940 1030 1313 1127 duplicata
1333 1033 1641 1106 rationis
1668 1041 1711 1106 2
1736 1032 1832 1105 ad
1845 1041 1916 1105 4.
1976 1031 2256 1104 Rursus
2284 1030 2436 1102 sint

347 1146 674 1219 rationes
708 1167 860 1217 non
897 1144 1199 1234 eaedem,
1220 1146 1410 1220 utin
1445 1147 1560 1220 his
1593 1146 1943 1235 numeris,
1966 1154 2188 1219 4—2.
2210 1152 2436 1230 6--4‚

346 1257 851 1353 multiplicatis
887 1268 1046 1331 tum
1073 1260 1586 1332 antecentibus
1618 1271 1777 1332 tum
1813 1257 2435 1354 consequentibus

344 1373 694 1467 gignetur
751 1371 940 1444 ratio
1003 1381 1097 1445 24
1152 1373 1247 1445 ad
1288 1381 1334 1447 8
1387 1374 1539 1446 sive
1602 1384 1687 1447 12
1741 1373 1837 1445 ad
1892 1382 1961 1446 4.
2064 1370 2439 1469 Expositis

347 1499 593 1558 autem
648 1484 763 1559 his
821 1487 1173 1575 numeriS,
1231 1495 1641 1577 12-6—4‚
1692 1486 1834 1560 erit
1892 1487 2082 1559 ratio
2137 1492 2222 1559 12
2258 1484 2353 1558 ad
2387 1492 2434 1557 6

347 1599 604 1672 eadem
659 1624 829 1672 cum
883 1601 1171 1674 ratione
1206 1609 1252 1674 4
1288 1601 1385 1674 ad
1419 1612 1491 1691 2,
1542 1613 1617 1676 et
1654 1601 1845 1674 ratio
1880 1608 1926 1673 6
1964 1599 2061 1674 ad
2095 1609 2138 1673 4
2178 1599 2439 1673 eadem

349 1736 515 1809 quae
569 1725 767 1785 ante.
873 1712 1080 1785 Idem
1134 1715 1210 1788 in
1262 1715 1529 1788 horum
1599 1714 1969 1787 conversis
2026 1713 2438 1808 continget,

342 1835 569 1900 -2-4,
594 1835 721 1899 4-
745 1833 817 1899 6.
902 1826 1145 1922 Atque
1180 1827 1357 1900 hinc
1390 1827 1806 1922 intelligere
1840 1827 2037 1916 licet,
2074 1826 2254 1923 quid
2289 1827 2442 1900 sint

348 1939 495 2013 illae
549 1963 728 2034 quas
784 1939 1103 2034 appellat
1152 1939 1494 2012 Euclides
1546 1940 1917 2012 rationum
1963 1939 2440 2035 quantitates,

344 2076 615 2149 nempe
680 2052 1054 2127 rationum
1133 2053 1655 2127 antecedentes
1734 2065 1813 2126 et
1878 2064 2440 2148 consequentes,

344 2168 511 2240 Nec
546 2180 792 2240 tamen
826 2166 1061 2240 voluit
1094 2178 1381 2240 tantam
1427 2189 1587 2240 esse
1622 2166 1984 2239 rationem
2019 2177 2297 2262 quanta
2331 2176 2444 2239 est

350 2282 818 2366 antecedens,
855 2293 985 2355 aut
1032 2293 1309 2377 quanta
1358 2291 1470 2355 est
1506 2304 1963 2376 consequens
1998 2280 2157 2375 ejus
2188 2307 2210 2352 t
2262 2305 2446 2377 qua-

350 2418 516 2468 rum
583 2406 898 2490 utraque
965 2405 1078 2468 est
1148 2393 1520 2490 quantitas
1575 2392 1936 2481 absoluta,
1996 2391 2129 2466 sed
2179 2404 2450 2467 neutra

353 2532 606 2582 earum
660 2509 876 2582 ratio.
981 2508 1497 2584 Quantitatem
1544 2517 1795 2580 autem
1840 2505 2146 2580 rationis
2181 2510 2229 2579 4
2264 2505 2363 2579 ad
2395 2514 2442 2581 2

351 2623 880 2718 interpretatur
905 2621 1197 2695 Clavius
1230 2645 1364 2718 per
1394 2619 1829 2694 fractionem
1858 2617 1957 2708 ἐς,
1981 2631 2058 2693 et
2082 2621 2449 2693 rationem

354 2744 400 2807 6
439 2735 532 2808 ad
570 2745 613 2807 3
650 2759 783 2831 per
810 2733 919 2820 {rt
974 2733 1185 2833 quas
1214 2735 1537 2832 appellat
1591 2734 1816 2808 etiam
1865 2733 2171 2807 rationis
2219 2733 2450 2809 deno·

355 2848 772 2921 minatores.
879 2848 1080 2929 Quas
1135 2849 1196 2921 si
1242 2848 1439 2921 inter
1500 2871 1581 2920 se
1636 2847 2104 2943 multipliceS,
2139 2846 2451 2920 habebis

358 2961 656 3057 quidem
689 2961 1128 3034 fractionem
1173 2961 1382 3057 cujus
1427 2972 1855 3034 numerator
1889 2959 1987 3033 ad
2021 2960 2450 3034 denomina-

354 3088 594 3150 torem
649 3075 1009 3148 rationem
1063 3074 1288 3149 habet
1341 3073 1826 3169 compositam
1888 3096 1980 3146 ex
2034 3073 2449 3147 rationibus

357 3199 402 3262 4
440 3190 536 3263 ad
570 3199 614 3263 2
653 3200 729 3262 et
771 3196 818 3261 6
855 3188 953 3261 ad
988 3197 1034 3261 3
1064 3215 1085 3260 :
1134 3200 1532 3285 propterea
1567 3185 1765 3282 quod
1800 3185 2026 3259 etiam
2060 3186 2167 3260 sic
2198 3187 2455 3263 multi·

346 3303 725 3399 plicantur
793 3301 987 3376 inter
1047 3325 1125 3374 se
1180 3311 1342 3373 tum
1394 3298 1919 3373 antecedentes
1970 3310 2128 3372 tum
2194 3325 2453 3374 conse-

350 3428 694 3513 quentes,
744 3427 828 3490 ut
882 3415 1111 3512 prius.
1214 3414 1389 3488 Nou
1432 3424 1546 3487 est
1593 3423 1841 3487 autem
1894 3412 2162 3487 fractio
2189 3412 2271 3498 ³5⁴-
2312 3438 2455 3488 nec

369 3527 422 3611 -ἶ-
462 3529 650 3603 ratio
687 3529 1118 3625 composita,
1152 3551 1293 3601 nec
1339 3528 1639 3601 omnino
1693 3526 1911 3616 ratic,
1947 3551 2117 3601 cum
2151 3528 2247 3601 sit
2279 3551 2456 3626 pars

365 3642 797 3736 quantitatis
842 3641 1220 3715 absolutae.
1322 3638 1551 3714 Aliud
1596 3638 1793 3712 enim
1845 3650 1959 3713 est
1991 3637 2075 3728 ἦ,
2113 3639 2189 3713 id
2226 3652 2342 3713 est
2376 3649 2452 3729 4,

364 3754 565 3827 aliud
617 3756 806 3829 ratio
862 3754 1313 3852 quaternarii
1353 3753 1450 3828 ad
1488 3753 1875 3826 unitatem.
1981 3753 2205 3826 Ratio
2254 3752 2454 3826 enim

367 3866 651 3941 duabus
713 3867 923 3942 lineis
977 3868 1371 3965 exponitur
1415 3890 1728 3964 semper,
1773 3879 1855 3940 at
1904 3866 2278 3964 quantitas
2326 3866 2457 3939 ab·

367 3981 605 4054 soluta
635 3981 879 4053 unica.

471 4093 694 4168 Quod
745 4093 1040 4167 Clavius
1088 4093 1212 4166 hic
1262 4092 1570 4166 scribit:
1625 4095 1673 4129 “
1707 4092 2081 4168 Quoniam
2127 4089 2460 4164 denomi-

367 4218 586 4281 nator
637 4205 1029 4302 cujuslibet
1074 4205 1573 4303 proportionis
1634 4204 1980 4301 exprimit
2040 4214 2317 4300 quanta
2362 4204 2460 4279 sit

372 4320 804 4417 magnitudo
837 4318 1280 4393 antecedens
1313 4319 1410 4392 ad
1434 4329 2050 4416 consequentem,
2087 4316 2235 4390 dici
2270 4317 2461 4391 solet

370 4445 764 4531 propterea
797 4433 1169 4529 quantitas
1220 4433 1627 4508 rationis”t
1680 4443 1882 4508 recte
1928 4431 2230 4529 quidem
2276 4431 2461 4507 dicit
