<?xml version="1.0" encoding="UTF-8"?>
<!DOCTYPE html PUBLIC "-//W3C//DTD XHTML 1.0 Transitional//EN"
    "http://www.w3.org/TR/xhtml1/DTD/xhtml1-transitional.dtd">
<html xmlns="http://www.w3.org/1999/xhtml" xml:lang="en" lang="en">
 <head>
  <title>
</title>
<meta http-equiv="Content-Type" content="text/html;charset=utf-8" />
  <meta name='ocr-system' content='tesseract 3.04.00' />
  <meta name='ocr-capabilities' content='ocr_page ocr_carea ocr_par ocr_line ocrx_word'/>
</head>
<body>
  <div class='ocr_page' id='page_1' title='image "./thomhobbesmalme02molegoog_0329.png"; bbox 0 0 3094 5125; ppageno 0'>
   <div class='ocr_carea' id='block_1_1' title="bbox 918 487 2454 567">
    <p class='ocr_par' dir='ltr' id='par_1_1' title="bbox 918 487 2454 567">
     <span class='ocr_line' id='line_1_1' title="bbox 918 487 2454 567; baseline 0.001 -11"><span class='ocrx_word' id='word_1_1' title='bbox 918 503 1477 557; x_wconf 74' lang='lat' dir='ltr'>PRoBLssMA&#39;rA</span> <span class='ocrx_word' id='word_1_2' title='bbox 1518 507 1902 560; x_wconf 77' lang='lat' dir='ltr'>PHYSICA.</span> <span class='ocrx_word' id='word_1_3' title='bbox 2308 487 2454 567; x_wconf 91' lang='lat'>317</span> 
     </span>
    </p>
   </div>
   <div class='ocr_carea' id='block_1_2' title="bbox 376 669 2464 1788">
    <p class='ocr_par' dir='ltr' id='par_1_2' title="bbox 376 669 2461 992">
     <span class='ocr_line' id='line_1_2' title="bbox 377 669 2457 770; baseline 0.003 -28"><span class='ocrx_word' id='word_1_4' title='bbox 377 669 466 743; x_wconf 93' lang='lat' dir='ltr'>de</span> <span class='ocrx_word' id='word_1_5' title='bbox 519 670 727 744; x_wconf 91' lang='lat' dir='ltr'>obice</span> <span class='ocrx_word' id='word_1_6' title='bbox 780 672 1036 745; x_wconf 89' lang='lat' dir='ltr'>oceani</span> <span class='ocrx_word' id='word_1_7' title='bbox 1088 696 1352 769; x_wconf 86' lang='lat' dir='ltr'>aquam</span> <span class='ocrx_word' id='word_1_8' title='bbox 1423 674 1873 770; x_wconf 84' lang='lat' dir='ltr'>impediente</span> <span class='ocrx_word' id='word_1_9' title='bbox 1932 697 2026 747; x_wconf 94' lang='lat' dir='ltr'>ne</span> <span class='ocrx_word' id='word_1_10' title='bbox 2076 673 2457 770; x_wconf 88' lang='lat' dir='ltr'>procedat,</span> 
     </span>
     <span class='ocr_line' id='line_1_3' title="bbox 376 783 2461 883; baseline 0.002 -27"><span class='ocrx_word' id='word_1_11' title='bbox 376 783 506 857; x_wconf 89' lang='lat' dir='ltr'>sed</span> <span class='ocrx_word' id='word_1_12' title='bbox 589 795 1026 875; x_wconf 88' lang='lat' dir='ltr'>revertatur,</span> <span class='ocrx_word' id='word_1_13' title='bbox 1113 786 1414 860; x_wconf 88' lang='lat' dir='ltr'>memini</span> <span class='ocrx_word' id='word_1_14' title='bbox 1497 787 1762 883; x_wconf 85' lang='lat' dir='ltr'>legisse</span> <span class='ocrx_word' id='word_1_15' title='bbox 1843 811 1962 862; x_wconf 91' lang='lat' dir='ltr'>me</span> <span class='ocrx_word' id='word_1_16' title='bbox 2028 787 2298 862; x_wconf 87' lang='lat' dir='ltr'>alicubi</span> <span class='ocrx_word' id='word_1_17' title='bbox 2383 788 2461 861; x_wconf 94' lang='lat' dir='ltr'>in</span> 
     </span>
     <span class='ocr_line' id='line_1_4' title="bbox 377 898 1503 992; baseline 0.004 -23"><span class='ocrx_word' id='word_1_18' title='bbox 377 898 665 992; x_wconf 89' lang='lat' dir='ltr'>scriptis</span> <span class='ocrx_word' id='word_1_19' title='bbox 701 899 1133 973; x_wconf 89' lang='lat' dir='ltr'>Cancellarii</span> <span class='ocrx_word' id='word_1_20' title='bbox 1170 901 1503 974; x_wconf 90' lang='lat' dir='ltr'>Baconis.</span> 
     </span>
    </p>

    <p class='ocr_par' dir='ltr' id='par_1_3' title="bbox 376 1011 2464 1788">
     <span class='ocr_line' id='line_1_5' title="bbox 479 1011 2463 1109; baseline 0.001 -25"><span class='ocrx_word' id='word_1_21' title='bbox 479 1011 577 1084; x_wconf 91' lang='lat' dir='ltr'>B.</span> <span class='ocrx_word' id='word_1_22' title='bbox 632 1012 747 1085; x_wconf 92' lang='lat' dir='ltr'>Ita</span> <span class='ocrx_word' id='word_1_23' title='bbox 786 1024 946 1085; x_wconf 89' lang='lat' dir='ltr'>est:</span> <span class='ocrx_word' id='word_1_24' title='bbox 1002 1013 1129 1086; x_wconf 91' lang='lat' dir='ltr'>sed</span> <span class='ocrx_word' id='word_1_25' title='bbox 1195 1027 1438 1087; x_wconf 89' lang='lat' dir='ltr'>motus</span> <span class='ocrx_word' id='word_1_26' title='bbox 1493 1036 1703 1109; x_wconf 84' lang='lat' dir='ltr'>aquae</span> <span class='ocrx_word' id='word_1_27' title='bbox 1759 1036 2053 1086; x_wconf 88' lang='lat' dir='ltr'>causam</span> <span class='ocrx_word' id='word_1_28' title='bbox 2108 1011 2463 1087; x_wconf 82' lang='lat' dir='ltr'><strong>adscribit</strong></span> 
     </span>
     <span class='ocr_line' id='line_1_6' title="bbox 376 1125 2461 1224; baseline 0.001 -27"><span class='ocrx_word' id='word_1_29' title='bbox 376 1125 613 1198; x_wconf 90' lang='lat' dir='ltr'>motui</span> <span class='ocrx_word' id='word_1_30' title='bbox 647 1125 912 1200; x_wconf 88' lang='lat' dir='ltr'>diurno</span> <span class='ocrx_word' id='word_1_31' title='bbox 946 1127 1163 1224; x_wconf 92' lang='lat' dir='ltr'>primi</span> <span class='ocrx_word' id='word_1_32' title='bbox 1199 1128 1508 1216; x_wconf 90' lang='lat' dir='ltr'>mobilis,</span> <span class='ocrx_word' id='word_1_33' title='bbox 1561 1126 1689 1223; x_wconf 90' lang='lat' dir='ltr'>qui</span> <span class='ocrx_word' id='word_1_34' title='bbox 1744 1138 1989 1199; x_wconf 88' lang='lat' dir='ltr'>motus</span> <span class='ocrx_word' id='word_1_35' title='bbox 2037 1126 2255 1223; x_wconf 91' lang='lat' dir='ltr'>primi</span> <span class='ocrx_word' id='word_1_36' title='bbox 2309 1151 2461 1199; x_wconf 91' lang='lat' dir='ltr'>mo·</span> 
     </span>
     <span class='ocr_line' id='line_1_7' title="bbox 376 1239 2461 1336; baseline 0 -25"><span class='ocrx_word' id='word_1_37' title='bbox 376 1239 565 1327; x_wconf 88' lang='lat' dir='ltr'>bilis,</span> <span class='ocrx_word' id='word_1_38' title='bbox 597 1263 764 1312; x_wconf 90' lang='lat' dir='ltr'>cum</span> <span class='ocrx_word' id='word_1_39' title='bbox 800 1241 898 1313; x_wconf 87' lang='lat' dir='ltr'>sit</span> <span class='ocrx_word' id='word_1_40' title='bbox 932 1241 1008 1312; x_wconf 89' lang='lat' dir='ltr'>in</span> <span class='ocrx_word' id='word_1_41' title='bbox 1043 1241 1316 1314; x_wconf 90' lang='lat' dir='ltr'>circulo</span> <span class='ocrx_word' id='word_1_42' title='bbox 1354 1242 1564 1336; x_wconf 89' lang='lat' dir='ltr'>cujus</span> <span class='ocrx_word' id='word_1_43' title='bbox 1601 1250 1936 1312; x_wconf 83' lang='lat' dir='ltr'>centrum</span> <span class='ocrx_word' id='word_1_44' title='bbox 1973 1251 2085 1313; x_wconf 92' lang='lat' dir='ltr'>est</span> <span class='ocrx_word' id='word_1_45' title='bbox 2120 1250 2461 1312; x_wconf 82' lang='lat' dir='ltr'>centrum</span> 
     </span>
     <span class='ocr_line' id='line_1_8' title="bbox 380 1352 2464 1450; baseline -0.001 -24"><span class='ocrx_word' id='word_1_46' title='bbox 380 1365 621 1439; x_wconf 85' lang='lat' dir='ltr'>terrae,</span> <span class='ocrx_word' id='word_1_47' title='bbox 656 1353 1064 1449; x_wconf 87' lang='lat' dir='ltr'>propellere</span> <span class='ocrx_word' id='word_1_48' title='bbox 1109 1378 1374 1450; x_wconf 90' lang='lat' dir='ltr'>aquam</span> <span class='ocrx_word' id='word_1_49' title='bbox 1419 1377 1571 1427; x_wconf 92' lang='lat' dir='ltr'>non</span> <span class='ocrx_word' id='word_1_50' title='bbox 1606 1364 1873 1448; x_wconf 90' lang='lat' dir='ltr'>potest.</span> <span class='ocrx_word' id='word_1_51' title='bbox 1975 1352 2221 1426; x_wconf 89' lang='lat' dir='ltr'>Etiam</span> <span class='ocrx_word' id='word_1_52' title='bbox 2260 1352 2464 1425; x_wconf 91' lang='lat' dir='ltr'>Gali-</span> 
     </span>
     <span class='ocr_line' id='line_1_9' title="bbox 378 1464 2461 1541; baseline 0.001 -5"><span class='ocrx_word' id='word_1_53' title='bbox 378 1464 536 1538; x_wconf 90' lang='lat' dir='ltr'>leus</span> <span class='ocrx_word' id='word_1_54' title='bbox 599 1490 892 1540; x_wconf 88' lang='lat' dir='ltr'>causam</span> <span class='ocrx_word' id='word_1_55' title='bbox 943 1478 1251 1541; x_wconf 83' lang='lat' dir='ltr'>aestuum</span> <span class='ocrx_word' id='word_1_56' title='bbox 1303 1467 1570 1540; x_wconf 90' lang='lat' dir='ltr'>horum</span> <span class='ocrx_word' id='word_1_57' title='bbox 1615 1480 1832 1540; x_wconf 86' lang='lat' dir='ltr'>terrae</span> <span class='ocrx_word' id='word_1_58' title='bbox 1888 1467 2120 1539; x_wconf 92' lang='lat' dir='ltr'>motui</span> <span class='ocrx_word' id='word_1_59' title='bbox 2168 1465 2461 1539; x_wconf 89' lang='lat' dir='ltr'>cuidam</span> 
     </span>
     <span class='ocr_line' id='line_1_10' title="bbox 379 1578 2461 1676; baseline 0 -26"><span class='ocrx_word' id='word_1_60' title='bbox 379 1578 770 1652; x_wconf 84' lang='lat' dir='ltr'>adscribit:</span> <span class='ocrx_word' id='word_1_61' title='bbox 825 1603 1041 1675; x_wconf 90' lang='lat' dir='ltr'>quem</span> <span class='ocrx_word' id='word_1_62' title='bbox 1092 1592 1373 1653; x_wconf 89' lang='lat' dir='ltr'>motum</span> <span class='ocrx_word' id='word_1_63' title='bbox 1420 1591 1620 1653; x_wconf 90' lang='lat' dir='ltr'>terra</span> <span class='ocrx_word' id='word_1_64' title='bbox 1673 1580 1944 1653; x_wconf 88' lang='lat' dir='ltr'>habere</span> <span class='ocrx_word' id='word_1_65' title='bbox 1990 1604 2137 1653; x_wconf 95' lang='lat' dir='ltr'>non</span> <span class='ocrx_word' id='word_1_66' title='bbox 2186 1589 2461 1676; x_wconf 90' lang='lat' dir='ltr'>potest,</span> 
     </span>
     <span class='ocr_line' id='line_1_11' title="bbox 381 1691 2463 1788; baseline 0 -25"><span class='ocrx_word' id='word_1_67' title='bbox 381 1691 519 1764; x_wconf 91' lang='lat' dir='ltr'>nisi</span> <span class='ocrx_word' id='word_1_68' title='bbox 565 1692 695 1779; x_wconf 90' lang='lat' dir='ltr'>sol,</span> <span class='ocrx_word' id='word_1_69' title='bbox 740 1704 962 1779; x_wconf 89' lang='lat' dir='ltr'>terra,</span> <span class='ocrx_word' id='word_1_70' title='bbox 1009 1705 1084 1766; x_wconf 88' lang='lat' dir='ltr'>et</span> <span class='ocrx_word' id='word_1_71' title='bbox 1128 1693 1305 1766; x_wconf 88' lang='lat' dir='ltr'>luna</span> <span class='ocrx_word' id='word_1_72' title='bbox 1357 1691 1590 1766; x_wconf 88' lang='lat' dir='ltr'>solido</span> <span class='ocrx_word' id='word_1_73' title='bbox 1642 1692 1884 1788; x_wconf 90' lang='lat' dir='ltr'>aliquo</span> <span class='ocrx_word' id='word_1_74' title='bbox 1939 1692 2231 1765; x_wconf 87' lang='lat' dir='ltr'>vinculo</span> <span class='ocrx_word' id='word_1_75' title='bbox 2286 1715 2463 1763; x_wconf 92' lang='lat' dir='ltr'>con-</span> 
     </span>
    </p>
   </div>
   <div class='ocr_carea' id='block_1_3' title="bbox 380 1804 2461 2013">
    <p class='ocr_par' dir='ltr' id='par_1_4' title="bbox 380 1804 2461 2013">
     <span class='ocr_line' id='line_1_12' title="bbox 380 1804 2461 1902; baseline -0.001 -25"><span class='ocrx_word' id='word_1_76' title='bbox 380 1817 876 1895; x_wconf 87' lang='lat' dir='ltr'>necterentur,</span> <span class='ocrx_word' id='word_1_77' title='bbox 906 1819 1253 1902; x_wconf 90' lang='lat' dir='ltr'>tanquam</span> <span class='ocrx_word' id='word_1_78' title='bbox 1282 1805 1356 1877; x_wconf 94' lang='lat' dir='ltr'>in</span> <span class='ocrx_word' id='word_1_79' title='bbox 1385 1806 1560 1878; x_wconf 88' lang='lat' dir='ltr'>fune</span> <span class='ocrx_word' id='word_1_80' title='bbox 1594 1805 1916 1901; x_wconf 90' lang='lat' dir='ltr'>pendulo</span> <span class='ocrx_word' id='word_1_81' title='bbox 1951 1805 2264 1878; x_wconf 89' lang='lat' dir='ltr'>totidem</span> <span class='ocrx_word' id='word_1_82' title='bbox 2291 1804 2461 1901; x_wconf 88' lang='lat' dir='ltr'>pilae</span> 
     </span>
     <span class='ocr_line' id='line_1_13' title="bbox 382 1918 763 2013; baseline 0.008 -24"><span class='ocrx_word' id='word_1_83' title='bbox 382 1918 763 2013; x_wconf 86' lang='lat' dir='ltr'>plumbeae.</span> 
     </span>
    </p>
   </div>
   <div class='ocr_carea' id='block_1_4' title="bbox 1221 2179 1618 2195">
    <p class='ocr_par' dir='ltr' id='par_1_5' title="bbox 1221 2179 1618 2195">
     <span class='ocr_line' id='line_1_14' title="bbox 1221 2179 1618 2195; baseline 0 0"><span class='ocrx_word' id='word_1_84' title='bbox 1221 2179 1618 2195; x_wconf 95' lang='lat' dir='ltr'> </span> 
     </span>
    </p>
   </div>
   <div class='ocr_carea' id='block_1_5' title="bbox 1228 2323 1628 2398">
    <p class='ocr_par' dir='ltr' id='par_1_6' title="bbox 1228 2323 1628 2398">
     <span class='ocr_line' id='line_1_15' title="bbox 1228 2323 1628 2398; baseline -0.008 -1"><span class='ocrx_word' id='word_1_85' title='bbox 1228 2323 1435 2397; x_wconf 89' lang='lat' dir='ltr'><strong>CAP.</strong></span> <span class='ocrx_word' id='word_1_86' title='bbox 1491 2324 1628 2398; x_wconf 92' lang='lat'>111.</span> 
     </span>
    </p>
   </div>
   <div class='ocr_carea' id='block_1_6' title="bbox 894 2494 1952 2549">
    <p class='ocr_par' dir='ltr' id='par_1_7' title="bbox 894 2494 1952 2549">
     <span class='ocr_line' id='line_1_16' title="bbox 894 2494 1952 2549; baseline -0.001 -1"><span class='ocrx_word' id='word_1_87' title='bbox 894 2496 1456 2549; x_wconf 76' lang='lat' dir='ltr'>PROBLEMATA</span> <span class='ocrx_word' id='word_1_88' title='bbox 1495 2496 1604 2548; x_wconf 80' lang='lat' dir='ltr'>DE</span> <span class='ocrx_word' id='word_1_89' title='bbox 1644 2494 1952 2548; x_wconf 81' lang='lat' dir='ltr'>VACUO.</span> 
     </span>
    </p>
   </div>
   <div class='ocr_carea' id='block_1_7' title="bbox 390 2612 2483 4494">
    <p class='ocr_par' dir='ltr' id='par_1_8' title="bbox 390 2612 2468 2824">
     <span class='ocr_line' id='line_1_17' title="bbox 488 2612 2468 2711; baseline 0.001 -26"><span class='ocrx_word' id='word_1_90' title='bbox 488 2612 585 2686; x_wconf 85' lang='grc' dir='ltr'>Α.</span> <span class='ocrx_word' id='word_1_91' title='bbox 640 2613 762 2686; x_wconf 87' lang='lat' dir='ltr'>An</span> <span class='ocrx_word' id='word_1_92' title='bbox 790 2614 1246 2709; x_wconf 84' lang='lat' dir='ltr'>probandam</span> <span class='ocrx_word' id='word_1_93' title='bbox 1264 2615 1586 2688; x_wconf 89' lang='lat' dir='ltr'>universi</span> <span class='ocrx_word' id='word_1_94' title='bbox 1609 2613 2163 2711; x_wconf 86' lang='lat' dir='ltr'>plenitudinem,</span> <span class='ocrx_word' id='word_1_95' title='bbox 2188 2612 2468 2687; x_wconf 88' lang='lat' dir='ltr'>nullum</span> 
     </span>
     <span class='ocr_line' id='line_1_18' title="bbox 390 2727 1574 2824; baseline 0.003 -28"><span class='ocrx_word' id='word_1_96' title='bbox 390 2727 656 2799; x_wconf 86' lang='lat' dir='ltr'>nostin&#39;</span> <span class='ocrx_word' id='word_1_97' title='bbox 692 2739 1209 2822; x_wconf 82' lang='lat' dir='ltr'>argumentum</span> <span class='ocrx_word' id='word_1_98' title='bbox 1246 2751 1517 2824; x_wconf 88' lang='lat' dir='ltr'>cogens</span> <span class='ocrx_word' id='word_1_99' title='bbox 1547 2728 1574 2799; x_wconf 82' lang='lat'>?</span> 
     </span>
    </p>

    <p class='ocr_par' dir='ltr' id='par_1_9' title="bbox 391 2838 2483 3953">
     <span class='ocr_line' id='line_1_19' title="bbox 493 2838 2468 2913; baseline 0.001 -1"><span class='ocrx_word' id='word_1_100' title='bbox 493 2838 589 2912; x_wconf 87' lang='lat' dir='ltr'>B.</span> <span class='ocrx_word' id='word_1_101' title='bbox 645 2840 802 2912; x_wconf 90' lang='lat' dir='ltr'>Imo</span> <span class='ocrx_word' id='word_1_102' title='bbox 863 2839 1115 2913; x_wconf 89' lang='lat' dir='ltr'>multa.</span> <span class='ocrx_word' id='word_1_103' title='bbox 1233 2841 1482 2913; x_wconf 92' lang='lat' dir='ltr'>Unum</span> <span class='ocrx_word' id='word_1_104' title='bbox 1543 2851 1796 2912; x_wconf 89' lang='lat' dir='ltr'>autum</span> <span class='ocrx_word' id='word_1_105' title='bbox 1852 2840 2165 2913; x_wconf 86' lang='lat' dir='ltr'>sufficit:</span> <span class='ocrx_word' id='word_1_106' title='bbox 2229 2863 2321 2912; x_wconf 85' lang='lat' dir='ltr'>ex</span> <span class='ocrx_word' id='word_1_107' title='bbox 2380 2863 2468 2913; x_wconf 91' lang='lat' dir='ltr'>eo</span> 
     </span>
     <span class='ocr_line' id='line_1_20' title="bbox 393 2952 2471 3049; baseline 0 -25"><span class='ocrx_word' id='word_1_108' title='bbox 393 2965 785 3048; x_wconf 88' lang='lat' dir='ltr'>sumptum,</span> <span class='ocrx_word' id='word_1_109' title='bbox 843 2953 1041 3048; x_wconf 91' lang='lat' dir='ltr'>quod</span> <span class='ocrx_word' id='word_1_110' title='bbox 1093 2953 1240 3027; x_wconf 91' lang='lat' dir='ltr'>duo</span> <span class='ocrx_word' id='word_1_111' title='bbox 1301 2977 1612 3049; x_wconf 90' lang='lat' dir='ltr'>corpora</span> <span class='ocrx_word' id='word_1_112' title='bbox 1662 2953 1903 3049; x_wconf 90' lang='lat' dir='ltr'>plana,</span> <span class='ocrx_word' id='word_1_113' title='bbox 1967 2952 2028 3024; x_wconf 93' lang='lat' dir='ltr'>si</span> <span class='ocrx_word' id='word_1_114' title='bbox 2080 2976 2161 3026; x_wconf 89' lang='lat' dir='ltr'>se</span> <span class='ocrx_word' id='word_1_115' title='bbox 2215 2963 2471 3025; x_wconf 92' lang='lat' dir='ltr'>mutuo</span> 
     </span>
     <span class='ocr_line' id='line_1_21' title="bbox 392 3065 2469 3162; baseline -0.001 -24"><span class='ocrx_word' id='word_1_116' title='bbox 392 3065 793 3139; x_wconf 88' lang='lat' dir='ltr'>secundum</span> <span class='ocrx_word' id='word_1_117' title='bbox 821 3066 1202 3139; x_wconf 91' lang='lat' dir='ltr'>amborum</span> <span class='ocrx_word' id='word_1_118' title='bbox 1231 3065 1614 3162; x_wconf 89' lang='lat' dir='ltr'>planitiem</span> <span class='ocrx_word' id='word_1_119' title='bbox 1646 3088 2109 3138; x_wconf 90' lang='lat' dir='ltr'>communem</span> <span class='ocrx_word' id='word_1_120' title='bbox 2138 3075 2469 3161; x_wconf 86' lang='lat' dir='ltr'>tangant,</span> 
     </span>
     <span class='ocr_line' id='line_1_22' title="bbox 391 3178 2476 3275; baseline -0.002 -22"><span class='ocrx_word' id='word_1_121' title='bbox 391 3203 540 3253; x_wconf 90' lang='lat' dir='ltr'>non</span> <span class='ocrx_word' id='word_1_122' title='bbox 594 3180 808 3253; x_wconf 88' lang='lat' dir='ltr'>facile</span> <span class='ocrx_word' id='word_1_123' title='bbox 855 3179 931 3252; x_wconf 92' lang='lat' dir='ltr'>in</span> <span class='ocrx_word' id='word_1_124' title='bbox 985 3178 1308 3251; x_wconf 87' lang='lat' dir='ltr'>instante</span> <span class='ocrx_word' id='word_1_125' title='bbox 1369 3178 1615 3252; x_wconf 89' lang='lat' dir='ltr'>divelli</span> <span class='ocrx_word' id='word_1_126' title='bbox 1671 3188 2018 3275; x_wconf 85' lang='lat' dir='ltr'>possunt;</span> <span class='ocrx_word' id='word_1_127' title='bbox 2071 3178 2476 3251; x_wconf 80' lang='lat' dir='ltr'>successive</span> 
     </span>
     <span class='ocr_line' id='line_1_23' title="bbox 392 3289 2477 3386; baseline 0 -23"><span class='ocrx_word' id='word_1_128' title='bbox 392 3316 566 3365; x_wconf 87' lang='lat' dir='ltr'>vero</span> <span class='ocrx_word' id='word_1_129' title='bbox 634 3292 998 3365; x_wconf 87' lang='lat' dir='ltr'>facillime.</span> <span class='ocrx_word' id='word_1_130' title='bbox 1126 3292 1299 3365; x_wconf 93' lang='lat' dir='ltr'>Non</span> <span class='ocrx_word' id='word_1_131' title='bbox 1368 3291 1533 3364; x_wconf 92' lang='lat' dir='ltr'>dico</span> <span class='ocrx_word' id='word_1_132' title='bbox 1604 3290 2047 3386; x_wconf 85' lang='lat' dir='ltr'>impossibile</span> <span class='ocrx_word' id='word_1_133' title='bbox 2109 3313 2265 3363; x_wconf 88' lang='lat' dir='ltr'>esse</span> <span class='ocrx_word' id='word_1_134' title='bbox 2330 3289 2477 3364; x_wconf 91' lang='lat' dir='ltr'>duo</span> 
     </span>
     <span class='ocr_line' id='line_1_24' title="bbox 394 3402 2480 3490; baseline -0.001 -13"><span class='ocrx_word' id='word_1_135' title='bbox 394 3404 785 3478; x_wconf 87' lang='lat' dir='ltr'>durissima</span> <span class='ocrx_word' id='word_1_136' title='bbox 840 3428 1209 3477; x_wconf 89' lang='lat' dir='ltr'>marmora</span> <span class='ocrx_word' id='word_1_137' title='bbox 1267 3406 1373 3476; x_wconf 90' lang='lat' dir='ltr'>ita</span> <span class='ocrx_word' id='word_1_138' title='bbox 1433 3402 1884 3476; x_wconf 84' lang='lat' dir='ltr'>cohaerentia</span> <span class='ocrx_word' id='word_1_139' title='bbox 1916 3402 2287 3490; x_wconf 87' lang='lat' dir='ltr'>divellere,</span> <span class='ocrx_word' id='word_1_140' title='bbox 2349 3402 2480 3476; x_wconf 93' lang='lat' dir='ltr'>sed</span> 
     </span>
     <span class='ocr_line' id='line_1_25' title="bbox 396 3516 2481 3614; baseline 0 -24"><span class='ocrx_word' id='word_1_141' title='bbox 396 3517 733 3602; x_wconf 88' lang='lat' dir='ltr'>difficile;</span> <span class='ocrx_word' id='word_1_142' title='bbox 789 3528 866 3590; x_wconf 92' lang='lat' dir='ltr'>et</span> <span class='ocrx_word' id='word_1_143' title='bbox 905 3517 1054 3592; x_wconf 87' lang='lat' dir='ltr'>vim</span> <span class='ocrx_word' id='word_1_144' title='bbox 1104 3517 1477 3614; x_wconf 89' lang='lat' dir='ltr'>postulare</span> <span class='ocrx_word' id='word_1_145' title='bbox 1524 3527 1834 3604; x_wconf 90' lang='lat' dir='ltr'>tantam,</span> <span class='ocrx_word' id='word_1_146' title='bbox 1882 3528 2160 3611; x_wconf 89' lang='lat' dir='ltr'>quanta</span> <span class='ocrx_word' id='word_1_147' title='bbox 2214 3516 2481 3590; x_wconf 89' lang='lat' dir='ltr'>sufficit</span> 
     </span>
     <span class='ocr_line' id='line_1_26' title="bbox 395 3626 2480 3727; baseline 0 -25"><span class='ocrx_word' id='word_1_148' title='bbox 395 3630 492 3702; x_wconf 90' lang='lat' dir='ltr'>ad</span> <span class='ocrx_word' id='word_1_149' title='bbox 549 3631 892 3704; x_wconf 87' lang='lat' dir='ltr'>duritiem</span> <span class='ocrx_word' id='word_1_150' title='bbox 945 3630 1206 3727; x_wconf 89' lang='lat' dir='ltr'>lapidis</span> <span class='ocrx_word' id='word_1_151' title='bbox 1257 3626 1766 3726; x_wconf 90' lang='lat' dir='ltr'>superandam.</span> <span class='ocrx_word' id='word_1_152' title='bbox 1872 3627 2249 3724; x_wconf 89' lang='lat' dir='ltr'>Siquidem</span> <span class='ocrx_word' id='word_1_153' title='bbox 2304 3652 2480 3702; x_wconf 88' lang='lat' dir='ltr'>vero</span> 
     </span>
     <span class='ocr_line' id='line_1_27' title="bbox 395 3740 2483 3842; baseline -0 -28"><span class='ocrx_word' id='word_1_154' title='bbox 395 3744 671 3839; x_wconf 90' lang='lat' dir='ltr'>majore</span> <span class='ocrx_word' id='word_1_155' title='bbox 705 3743 779 3815; x_wconf 88' lang='lat' dir='ltr'>vi</span> <span class='ocrx_word' id='word_1_156' title='bbox 813 3743 905 3816; x_wconf 88' lang='lat' dir='ltr'>ad</span> <span class='ocrx_word' id='word_1_157' title='bbox 942 3743 1479 3842; x_wconf 88' lang='lat' dir='ltr'>separationem</span> <span class='ocrx_word' id='word_1_158' title='bbox 1515 3764 1699 3838; x_wconf 89' lang='lat' dir='ltr'>opus</span> <span class='ocrx_word' id='word_1_159' title='bbox 1746 3740 1842 3814; x_wconf 90' lang='lat' dir='ltr'>sit</span> <span class='ocrx_word' id='word_1_160' title='bbox 1889 3765 2109 3837; x_wconf 92' lang='lat' dir='ltr'>quam</span> <span class='ocrx_word' id='word_1_161' title='bbox 2160 3741 2285 3814; x_wconf 92' lang='lat' dir='ltr'>illa</span> <span class='ocrx_word' id='word_1_162' title='bbox 2336 3765 2483 3836; x_wconf 92' lang='lat' dir='ltr'>qua</span> 
     </span>
     <span class='ocr_line' id='line_1_28' title="bbox 396 3855 2479 3953; baseline 0 -26"><span class='ocrx_word' id='word_1_163' title='bbox 396 3868 785 3928; x_wconf 88' lang='lat' dir='ltr'>moventur</span> <span class='ocrx_word' id='word_1_164' title='bbox 819 3869 1177 3953; x_wconf 86' lang='lat' dir='ltr'>separata,</span> <span class='ocrx_word' id='word_1_165' title='bbox 1201 3857 1281 3930; x_wconf 92' lang='lat' dir='ltr'>id</span> <span class='ocrx_word' id='word_1_166' title='bbox 1304 3856 1595 3953; x_wconf 89' lang='lat' dir='ltr'>signum</span> <span class='ocrx_word' id='word_1_167' title='bbox 1632 3865 1745 3928; x_wconf 93' lang='lat' dir='ltr'>est</span> <span class='ocrx_word' id='word_1_168' title='bbox 1772 3878 1922 3927; x_wconf 91' lang='lat' dir='ltr'>non</span> <span class='ocrx_word' id='word_1_169' title='bbox 1958 3855 2119 3929; x_wconf 90' lang='lat' dir='ltr'>dari</span> <span class='ocrx_word' id='word_1_170' title='bbox 2143 3878 2479 3927; x_wconf 91' lang='lat' dir='ltr'>vacuum.</span> 
     </span>
    </p>

    <p class='ocr_par' dir='ltr' id='par_1_10' title="bbox 399 3966 2482 4494">
     <span class='ocr_line' id='line_1_29' title="bbox 498 3966 2478 4062; baseline 0 -24"><span class='ocrx_word' id='word_1_171' title='bbox 498 3966 590 4040; x_wconf 87' lang='lat' dir='ltr'>A.</span> <span class='ocrx_word' id='word_1_172' title='bbox 645 3968 1105 4043; x_wconf 85' lang='lat' dir='ltr'>Assertiones</span> <span class='ocrx_word' id='word_1_173' title='bbox 1187 3969 1333 4043; x_wconf 85' lang='lat' dir='ltr'>illae</span> <span class='ocrx_word' id='word_1_174' title='bbox 1416 3968 2043 4042; x_wconf 87' lang='lat' dir='ltr'>demonstratione</span> <span class='ocrx_word' id='word_1_175' title='bbox 2119 3966 2478 4062; x_wconf 90' lang='lat' dir='ltr'>indigent.</span> 
     </span>
     <span class='ocr_line' id='line_1_30' title="bbox 400 4077 2481 4178; baseline -0.002 -25"><span class='ocrx_word' id='word_1_176' title='bbox 400 4080 642 4153; x_wconf 90' lang='lat' dir='ltr'>Primo</span> <span class='ocrx_word' id='word_1_177' title='bbox 678 4093 923 4154; x_wconf 90' lang='lat' dir='ltr'>autem</span> <span class='ocrx_word' id='word_1_178' title='bbox 960 4081 1262 4156; x_wconf 89' lang='lat' dir='ltr'>ostende</span> <span class='ocrx_word' id='word_1_179' title='bbox 1300 4081 1668 4178; x_wconf 89' lang='lat' dir='ltr'>quomodo</span> <span class='ocrx_word' id='word_1_180' title='bbox 1705 4104 1795 4153; x_wconf 86' lang='lat' dir='ltr'>ex</span> <span class='ocrx_word' id='word_1_181' title='bbox 1832 4079 2143 4154; x_wconf 90' lang='lat' dir='ltr'>duorum</span> <span class='ocrx_word' id='word_1_182' title='bbox 2179 4077 2481 4150; x_wconf 88' lang='lat' dir='ltr'>durissi-</span> 
     </span>
     <span class='ocr_line' id='line_1_31' title="bbox 399 4191 2482 4291; baseline -0.002 -24"><span class='ocrx_word' id='word_1_183' title='bbox 399 4216 689 4267; x_wconf 92' lang='lat' dir='ltr'>morum</span> <span class='ocrx_word' id='word_1_184' title='bbox 724 4217 1113 4288; x_wconf 89' lang='lat' dir='ltr'>corporum</span> <span class='ocrx_word' id='word_1_185' title='bbox 1151 4197 1711 4291; x_wconf 85' lang='lat' dir='ltr'>conjunctorum</span> <span class='ocrx_word' id='word_1_186' title='bbox 1763 4193 1857 4266; x_wconf 91' lang='lat' dir='ltr'>ad</span> <span class='ocrx_word' id='word_1_187' title='bbox 1905 4191 2325 4288; x_wconf 86' lang='lat' dir='ltr'>superficies</span> <span class='ocrx_word' id='word_1_188' title='bbox 2361 4214 2482 4263; x_wconf 85' lang='lat' dir='ltr'>ex-</span> 
     </span>
     <span class='ocr_line' id='line_1_32' title="bbox 399 4302 2482 4403; baseline -0.001 -25"><span class='ocrx_word' id='word_1_189' title='bbox 399 4306 666 4403; x_wconf 91' lang='lat' dir='ltr'>quisite</span> <span class='ocrx_word' id='word_1_190' title='bbox 698 4305 917 4379; x_wconf 87' lang='lat' dir='ltr'>laeves</span> <span class='ocrx_word' id='word_1_191' title='bbox 967 4305 1454 4403; x_wconf 88' lang='lat' dir='ltr'>diremptione</span> <span class='ocrx_word' id='word_1_192' title='bbox 1503 4305 1805 4394; x_wconf 88' lang='lat' dir='ltr'>difficili,</span> <span class='ocrx_word' id='word_1_193' title='bbox 1863 4305 2195 4401; x_wconf 90' lang='lat' dir='ltr'>sequitur</span> <span class='ocrx_word' id='word_1_194' title='bbox 2247 4302 2482 4402; x_wconf 92' lang='lat' dir='ltr'>pleni-</span> 
     </span>
     <span class='ocr_line' id='line_1_33' title="bbox 401 4418 896 4494; baseline 0.002 -2"><span class='ocrx_word' id='word_1_195' title='bbox 401 4419 583 4493; x_wconf 89' lang='lat' dir='ltr'>tudo</span> <span class='ocrx_word' id='word_1_196' title='bbox 619 4418 896 4494; x_wconf 90' lang='lat' dir='ltr'>mundi.</span> 
     </span>
    </p>
   </div>
   <div class='ocr_carea' id='block_1_8' title="bbox 2542 701 2829 804">
    <p class='ocr_par' dir='ltr' id='par_1_11' title="bbox 2542 701 2829 804">
     <span class='ocr_line' id='line_1_34' title="bbox 2563 701 2795 743; baseline 0 0"><span class='ocrx_word' id='word_1_197' title='bbox 2563 701 2698 743; x_wconf 75' lang='lat' dir='ltr'>CAP.</span> <span class='ocrx_word' id='word_1_198' title='bbox 2731 702 2795 743; x_wconf 88' lang='lat'>11.</span> 
     </span>
     <span class='ocr_line' id='line_1_35' title="bbox 2542 770 2829 804; baseline 0 -10"><span class='ocrx_word' id='word_1_199' title='bbox 2542 770 2829 804; x_wconf 36' lang='grc' dir='ltr'>ψὟ-κ</span> 
     </span>
    </p>
   </div>
   <div class='ocr_carea' id='block_1_9' title="bbox 2552 829 2821 938">
    <p class='ocr_par' dir='ltr' id='par_1_12' title="bbox 2552 829 2821 938">
     <span class='ocr_line' id='line_1_36' title="bbox 2552 829 2821 906; baseline 0 -34"><span class='ocrx_word' id='word_1_200' title='bbox 2552 829 2622 872; x_wconf 77' lang='lat' dir='ltr'>De</span> <span class='ocrx_word' id='word_1_201' title='bbox 2642 829 2821 906; x_wconf 55' lang='lat' dir='ltr'>motibus</span> 
     </span>
     <span class='ocr_line' id='line_1_37' title="bbox 2557 907 2748 938; baseline -0.005 0"><span class='ocrx_word' id='word_1_202' title='bbox 2557 907 2748 938; x_wconf 67' lang='lat' dir='ltr'>mannis.</span> 
     </span>
    </p>
   </div>
  </div>
 </body>
</html>
