3094 5125
822 539 1458 593 MATHEMATICAE
1499 541 1985 594 nonmRNAE.
2335 530 2425 596 21

304 717 379 778 et
438 706 911 785 discretam.
1053 711 1313 805 Itaque
1380 722 1464 784 ut
1531 709 1896 783 rationem
1966 709 2062 783 ad
2134 710 2433 808 aliquod
2507 735 2808 777 muamus

306 822 844 913 quantitatum
915 848 1149 920 genus
1202 824 1537 915 referam,
1609 825 1978 920 quantitas
2041 824 2434 898 dividenda
2510 817 2796 922 *Lu

306 946 418 1006 est
439 934 534 1007 in
572 936 1016 1010 absolutam
1050 951 1127 1010 et
1161 937 1563 1011 relativam.
1657 937 2013 1011 Absoluta
2047 948 2159 1010 est
2197 938 2436 1035 longi-

307 1046 625 1139 tudiniS,
668 1051 1121 1146 superficiei,
1157 1051 1371 1124 solidi
1424 1050 1801 1147 temporis,
1853 1062 2123 1141 motus,
2169 1075 2303 1148 per
2355 1076 2434 1126 se

310 1161 814 1237 considerata
847 1166 1243 1259 quantitas.
1314 1165 1654 1237 Relativa
1697 1176 1833 1254 est,
1896 1188 2043 1261 qua
2090 1162 2437 1239 determi-

310 1284 539 1346 natur
567 1290 872 1372 quanta
905 1278 1000 1350 sit
1037 1278 1385 1374 quaelibet
1422 1278 1786 1351 dictarum
1821 1278 2434 1374 magnitudinum,

313 1397 399 1457 ut
440 1404 901 1486 comparata
928 1408 1115 1464 ‘cum
1162 1392 1306 1465 alia
1362 1392 1691 1488 ejusdem
1749 1393 2060 1489 generis,
2150 1392 2433 1466 Deinde

320 1501 671 1577 absoluta
710 1506 1090 1600 quantitas
1127 1506 1271 1579 alia
1304 1519 1412 1579 est
1462 1530 1876 1602 corporum,
1914 1520 1997 1579 ut
2048 1506 2431 1603 longitudo

326 1618 722 1712 corporis;
804 1619 950 1692 alia
1005 1620 1376 1716 temporis,
1433 1631 1519 1693 ut
1579 1619 1963 1716 longitudo
2031 1620 2430 1716 temporis;

327 1726 466 1800 alia
499 1743 795 1822 motuS‚
833 1743 919 1804 ut
954 1731 1302 1806 velocitas
1337 1744 1412 1806 et
1444 1732 1755 1828 pondus,
1841 1733 2027 1806 Item
2064 1735 2435 1809 rationum

335 1838 471 1914 alia
504 1856 626 1918 est
662 1845 1144 1942 geometrica,
1182 1845 1327 1919 alia
1360 1845 1847 1919 arithmetica.

426 1955 527 2028 B.
586 1959 684 2031 In
724 1982 873 2054 quo
936 1982 1113 2055 ergo
1159 1982 1429 2056 genere
1470 1958 1684 2054 ponis
1730 1958 2093 2032 rationem
2145 1960 2438 2033 numeri

339 2065 429 2138 ad
463 2093 872 2144 numerum
904 2072 929 2144 Ρ

430 2182 531 2254 A.
592 2184 998 2257 Rationem
1042 2196 1194 2257 tam
1240 2186 1768 2281 geometricam
1816 2209 2036 2282 quam
2091 2184 2438 2258 arithme-

339 2291 561 2368 ticam
598 2297 859 2370 divido
895 2298 970 2370 in
1024 2300 1388 2372 rationem
1423 2300 1530 2372 rei
1577 2299 1673 2372 ad
1718 2323 1897 2388 rem,
1951 2311 2027 2371 et
2081 2299 2439 2373 rationem

340 2427 589 2484 rerum
653 2412 750 2485 ad
792 2435 934 2486 res.
1038 2414 1353 2486 Putasne
1406 2413 1483 2486 in
1533 2413 1685 2486 ullo
1744 2413 1888 2486 alio
1942 2413 2441 2509 quantitatum

344 2543 619 2615 genere
651 2526 992 2601 collocari
1014 2540 1355 2625 oportere
1382 2528 1743 2602 rationem
1771 2526 2078 2600 duarum
2100 2527 2441 2600 ulnarum

349 2635 442 2708 ad
476 2637 669 2712 duos
701 2640 1006 2736 palmOS,
1031 2664 1252 2736 quam
1287 2641 1362 2714 in
1400 2665 1544 2738 qua
1580 2641 1980 2715 collocatur
2005 2641 2194 2714 ratio
2221 2642 2437 2714 unius

350 2747 541 2826 ulnae
599 2752 699 2825 ad
750 2753 1075 2849 palmum
1120 2753 1405 2827 unum?
1497 2755 1650 2828 Aut
1701 2755 2059 2827 rationem
2117 2753 2437 2850 plurium

355 2861 444 2934 ad
476 2866 697 2961 plura
729 2866 947 2939 aliam
982 2890 1140 2940 esse
1190 2867 1510 2963 speciem
1558 2866 1887 2956 rationis,
1950 2890 2170 2962 quam
2222 2868 2439 2940 unius

355 2975 446 3048 ad
478 3002 715 3052 unum
745 2978 770 3050 ?
866 2981 1018 3054 Aut
1052 2981 1272 3053 aliam
1316 2980 1613 3076 quidem
1650 3003 1808 3053 esse
1860 2980 2176 3076 speciem
2212 3004 2440 3076 quan-

359 3087 593 3166 titatis
629 3104 778 3165 tres
814 3093 1045 3182 ulnas,
1082 3093 1302 3166 aliam
1334 3105 1583 3167 autem
1628 3117 1852 3166 unam
1897 3093 2201 3167 ulnam?
2287 3095 2442 3168 Aut

362 3199 674 3302 denique
729 3206 1088 3280 rationem
1141 3207 1359 3280 unius
1410 3207 1608 3280 ulnae
1653 3206 1750 3280 ad
1800 3219 1947 3280 tres
1997 3207 2233 3297 ulnas»,
2289 3230 2442 3280 non

363 3318 667 3391 eandem
704 3341 883 3408 esse,
920 3343 1142 3416 quam
1175 3321 1401 3393 habet
1434 3344 1666 3393 unum
1700 3319 1797 3392 ad
1828 3318 2027 3393 tria?

454 3430 550 3503 B.
609 3432 799 3504 Sunt
827 3432 1122 3527 quidem
1148 3434 1310 3506 haec
1344 3434 1450 3505 ita
1478 3433 1889 3524 manifesta,
1917 3444 2003 3506 ut
2023 3432 2440 3506 mirandum

366 3541 452 3617 sit
484 3544 963 3619 Aristotelem
1007 3547 1495 3642 quantitatem
1551 3546 1943 3621 discretam
2000 3547 2439 3620 nominasse.

368 3654 491 3731 Est
544 3658 743 3731 enim
803 3658 991 3732 ratio
1038 3661 1324 3732 numeri
1384 3660 1481 3733 ad
1535 3683 1922 3733 numerum
1981 3659 2164 3733 nihil
2218 3659 2441 3748 aliud,

367 3794 580 3867 quam
629 3771 822 3845 ratio
872 3773 1195 3868 partium
1243 3772 1733 3869 aliquotarum
1789 3773 2218 3873 quantitatis
2273 3795 2447 3846 con·

369 3885 585 3960 tinuae
619 3885 718 3959 ad
753 3886 1184 3982 quantitatis
1230 3887 1602 3960 continuae
1653 3897 1897 3982 partes
1942 3886 2325 3981 aliquotae,
2366 3898 2446 3957 et

370 3997 552 4074 inter
612 4024 691 4072 se
753 4012 831 4071 et
873 3998 1015 4072 illis
1075 3999 1415 4094 aequales,
1540 3999 1823 4095 Itaque,
1880 4010 1964 4072 ut
2025 4021 2229 4071 more
2278 4021 2446 4070 meo

371 4135 527 4186 cum
595 4111 1087 4186 Aristotelicis
1163 4112 1447 4208 loquar,
1535 4112 1728 4185 sicut
1818 4112 2020 4185 calor
2094 4134 2140 4183 a
2207 4108 2446 4183 calido

366 4226 746 4313 abstrahit,
804 4225 914 4296 ita
972 4248 1318 4298 numerus
1377 4225 1742 4298 abstrahit
1795 4225 1887 4298 ab
1947 4221 2449 4315 inaequalitate

363 4340 699 4432 partium,
731 4337 913 4410 dum
949 4337 1513 4412 considerantur
1536 4350 1787 4433 partes
1816 4360 1967 4410 non
1996 4332 2207 4407 aliter
2230 4354 2452 4426 quam

367 4465 724 4549 quatenus
762 4448 1031 4545 plures.
