3094 5125
710 496 803 573 76
1138 511 1676 564 EXAMINATIO
1718 514 1820 564 ET
1860 513 2358 564 EMENDATIO

336 707 638 749 nameus
708 679 885 753 niat.
992 679 1214 753 Quod
1264 681 1342 754 ni
1390 681 1706 770 fecisset,
1760 679 1944 753 nihil
1995 679 2169 753 inde
2213 692 2298 752 ut
2346 703 2392 751 a
2421 680 2800 777 principio

456 793 519 832 ¹¹·
707 791 1306 868 demonstrasset.

813 905 910 980 B.
966 905 1169 981 Quid
1203 906 1360 981 ita?
1463 905 1814 979 Definitio
1860 905 2114 979 circuli
2153 905 2351 1002 apud
2383 905 2804 994 Euclidem,

707 1043 859 1092 non
906 1032 1020 1093 est
1070 1019 1468 1117 descriptio
1515 1018 2026 1118 generationis
2071 1019 2350 1107 circuli,
2403 1017 2534 1091 sed
2562 1043 2801 1116 gene-

711 1133 911 1205 rati:
964 1143 1042 1205 at
1077 1133 1305 1206 nihilo
1341 1133 1582 1206 minus
1616 1133 2066 1206 constructio
2103 1132 2455 1229 trianguli
2491 1133 2798 1228 aequila-

711 1246 852 1318 teri
886 1244 1058 1318 inde
1094 1247 1184 1319 ab
1220 1246 1524 1320 Euclide
1561 1247 2127 1320 demonstratur.

815 1359 913 1431 A.
966 1359 1516 1434 Demonstratio
1583 1360 1707 1434 illa
1765 1359 2132 1455 dependet
2187 1359 2485 1456 quidem
2546 1357 2646 1431 ab
2706 1382 2799 1431 ea

713 1471 1184 1546 definitione:
1235 1474 1361 1548 sed
1399 1474 1557 1570 ipsa
1591 1473 1921 1547 definitio
1948 1473 2315 1569 dependet
2348 1497 2393 1546 a
2415 1472 2793 1570 postulato

708 1585 954 1671 tertio,
1009 1610 1293 1681 nempe,
1347 1612 1492 1683 quo
1546 1589 1776 1683 gratis
1829 1587 2142 1660 sumitur
2171 1611 2404 1683 posse
2435 1585 2795 1659 circulum

709 1698 969 1795 quovis
1024 1699 1348 1773 describi
1408 1700 1830 1773 intervallo,
1929 1701 2156 1773 Jubet
2209 1724 2411 1795 erg0‚
2462 1698 2563 1772 ad
2617 1724 2793 1773 con-

709 1813 1192 1886 structionem
1219 1814 1571 1911 trianguli
1598 1814 2026 1911 aequilateri,
2058 1814 2370 1887 describi
2397 1813 2792 1898 circulum;

710 1927 909 2024 quod
954 1952 1102 2026 quo
1158 1928 1378 2002 modo
1421 1928 1842 2002 faciendum
1887 1928 2005 2017 sit,
2055 1927 2383 2001 definitio
2439 1925 2794 1999 Euclidea

705 2063 859 2114 non
894 2041 1132 2115 docet.
1238 2040 1632 2117 Quomodo
1675 2040 1870 2114 enim
1905 2040 2219 2113 inveniri
2253 2039 2576 2113 medium
2610 2038 2791 2113 illud

706 2167 1064 2249 punctum
1101 2167 1366 2251 potest,
1418 2155 1561 2228 nisi
1603 2155 1807 2251 prius
1854 2154 2267 2250 descriptus
2313 2154 2412 2227 sit
2456 2156 2613 2251 ipse
2650 2154 2791 2226 cir-

706 2268 971 2341 culus?
1072 2267 1278 2340 Vidit
1338 2291 1515 2362 ergo
1571 2268 1911 2341 Euclides
1972 2267 2478 2341 definitionem
2534 2266 2791 2339 analo-

702 2380 878 2475 giae,
963 2380 1106 2453 nisi
1189 2379 1614 2454 ostenderet
1682 2384 2051 2478 quomodo
2119 2381 2389 2453 eoedem
2453 2380 2792 2452 rationes

703 2494 993 2581 fierent,
1030 2492 1361 2565 inutilem
1396 2492 1553 2567 fore
1598 2493 1695 2567 ad
1728 2495 2132 2591 sequentia.
2239 2493 2495 2589 Itaque
2530 2491 2789 2566 defini-

704 2605 983 2679 tionem
1024 2630 1156 2702 per
1194 2609 1746 2702 generationem
1793 2607 2077 2681 addidit
2116 2608 2350 2680 hanc:
2404 2606 2497 2679 In
2534 2605 2788 2680 eadem

706 2719 997 2791 ratione
1041 2719 1584 2818 magnitudine-s·
1635 2721 1979 2794 dicuntur
2017 2744 2201 2810 esse,
2246 2721 2508 2819 prima
2542 2719 2652 2793 ad
2677 2744 2790 2792 se-

702 2831 1043 2921 cundam,
1091 2841 1165 2905 et
1213 2833 1445 2906 tertia
1490 2835 1602 2907 ad
1632 2844 1993 2931 quartam,
2039 2859 2199 2906 cum
2219 2834 2496 2931 primoe
2531 2842 2608 2905 et
2643 2842 2789 2906 ter-

710 2945 834 3017 tice
884 2971 1088 3042 seque
1139 2945 1605 3042 multiplicia,
1655 2973 1705 3020 a
1745 2946 2079 3021 secundae
2128 2957 2201 3020 et
2243 2957 2538 3044 quartoe
2588 2971 2792 3045 oeque

707 3058 1266 3156 multiplicibuS,
1318 3058 1844 3157 qualiscunque
1892 3060 1995 3133 sit
2039 3060 2194 3133 haec
2241 3058 2790 3157 multiplicatiO,

709 3179 1089 3268 utrumque
1139 3170 1234 3244 ab
1290 3181 1621 3270 utroque,
1677 3173 1794 3246 vel
1848 3196 1990 3246 una
2046 3172 2416 3267 deficiunt,
2476 3173 2596 3245 vel
2645 3198 2793 3246 una

708 3282 1028 3379 nequalia
1085 3294 1277 3375 sunt,
1332 3284 1452 3358 vel
1507 3310 1654 3358 mia
1710 3286 2094 3374 excedunt,
2149 3286 2219 3358 si
2271 3310 2360 3358 ea
2405 3296 2794 3359 sumantur

706 3420 868 3490 quoe
920 3395 1115 3470 inter
1159 3421 1243 3471 se
1289 3398 1759 3494 respondent.
1865 3398 2008 3472 Sed
2045 3398 2396 3486 invenire,
2435 3422 2569 3495 per
2602 3399 2793 3473 hanc

711 3506 1236 3598 definitionem,
1307 3510 1727 3605 hujusmodi
1781 3524 2094 3606 quatuor
2154 3511 2602 3606 quantitates
2657 3513 2793 3584 im-

698 3620 1050 3715 possibile
1087 3633 1240 3694 est:
1296 3622 1467 3716 quia
1513 3622 2026 3718 multiplicatio
2075 3647 2205 3719 per
2248 3648 2501 3697 omnes
2537 3649 2793 3697 nume-

708 3757 854 3823 rOS,
917 3758 1084 3807 cum
1137 3734 1408 3807 infiniti
1461 3735 1631 3824 sint,
1689 3747 1801 3809 est
1859 3737 2347 3833 impossibilis.
2453 3737 2624 3811 Non
2680 3751 2793 3812 est

712 3871 888 3942 ergo
925 3845 1253 3921 definitio
1289 3848 1473 3938 haec,
1508 3848 1638 3920 sed
1673 3849 2123 3945 hypothesis

814 3960 910 4033 B.
966 3960 1196 4033 Recte
1250 3960 1547 4057 quidem
1605 3962 1836 4047 dicis;
1900 3974 2011 4037 est
2068 3975 2314 4038 autem
2367 3965 2792 4062 hypothesis

708 4074 835 4147 illa
873 4097 1068 4147 vera.
1171 4074 1367 4146 Vera
1412 4074 1711 4170 iuquam
1766 4088 1902 4166 est,
1954 4076 2082 4150 sed
2132 4102 2282 4150 non
2325 4078 2789 4177 principium,

711 4187 884 4284 quia
941 4186 1530 4260 demonstrabilis
1578 4200 1712 4278 est,
1767 4202 1844 4263 et
1895 4191 1987 4263 ab
2037 4191 2333 4264 Hobbio
2389 4190 2581 4290 (cap.
2640 4196 2791 4267 xiii.

712 4312 847 4373 art.
916 4310 1027 4389 12,
1085 4300 1253 4373 libri
1311 4322 1417 4372 DE
1482 4303 1900 4396 conpone)
1975 4303 2519 4390 demonstrata;
2573 4306 2706 4379 sed
2749 4333 2794 4379 a

713 4412 1138 4488 definitione
1206 4414 1531 4510 ejusdem
1616 4416 1938 4490 rationis
2015 4441 2146 4513 per
2213 4420 2790 4512 generationem,
