3094 5125
759 457 904 522 492
1311 473 1539 532 QUAD
1553 472 1884 524 RATURA
1924 470 2298 525 cmcum.

430 663 593 705 paor.
614 664 654 704 ι.
759 636 1100 733 idemque
1134 636 1414 732 aequale
1462 636 1835 732 triangulo
1873 636 2059 735 Aqr.
2167 637 2507 725 RurSuS,
2549 634 2726 730 quia
2742 631 2854 703 tri·
2965 720 2970 729 ,

387 729 675 768 ‘'q“
759 751 1109 846 angulum
1146 749 1312 846 qu
1344 750 1626 846 aequale
1661 761 1776 823 est
1830 750 2096 823 sectori
2134 748 2369 838 ACL,
2417 759 2663 823 erunt
2697 746 2862 819 trili-

756 886 900 936 nea
944 861 1107 962 qu
1155 875 1232 937 et
1282 863 1449 962 Cyp
1502 864 1837 960 aequalia,
1874 877 1953 937 et
1999 865 2218 937 ambo
2266 863 2516 937 simul
2570 859 2870 957 aequalia

758 978 1028 1051 sectori
1062 975 1297 1050 AVP.
1399 978 1496 1051 Et
1550 977 1862 1075 proinde
1907 975 2377 1075 AGV÷cyp
2417 976 2735 1074 aequale
2778 972 2872 1044 di·

757 1089 983 1163 midio
1039 1090 1310 1163 sectori
1345 1089 1568 1177 ACL,
1615 1090 1694 1164 id
1742 1102 1859 1164 est
1909 1091 2287 1187 triangulo
2339 1091 2590 1189 Ayr:
2647 1100 2875 1163 totum

757 1203 976 1301 parti,
1013 1203 1212 1299 quod
1247 1214 1356 1278 est
1391 1205 1816 1279 absurdum.
2993 1200 2996 1209 '

859 1317 1233 1403 Similiter,
1296 1329 1538 1393 sector
1601 1317 1803 1392 ALP
1871 1342 2022 1392 una
2081 1343 2247 1392 cum
2321 1319 2663 1393 trilineo
2727 1315 2879 1414 qu
2993 1220 3006 1427 i

756 1430 1037 1526 aequale
1091 1431 1234 1504 erit
1278 1432 1647 1528 triangulo
1684 1432 1875 1530 Aqr,
1912 1431 1991 1505 id
2025 1443 2160 1522 est,
2198 1456 2369 1529 pars
2407 1434 2576 1507 toti
2606 1461 2627 1503 ε
2685 1426 2874 1528 quod
3005 1434 3008 1515 l

756 1554 870 1616 est
905 1544 1325 1617 absurdum.
3008 1524 3010 1579 ¹

858 1658 938 1731 Si
975 1657 1151 1755 qu
1188 1666 1601 1731 sumeretur
1635 1680 1856 1753 supra
1887 1657 2339 1753 triangulum
2377 1656 2655 1748 AYQ,
2682 1656 2876 1730 idem

750 1784 1186 1866 sequeretur
1220 1770 1640 1844 absurdum.
3015 1796 3016 1805 ¹

853 1886 986 1958 Est
1022 1909 1198 1980 ergo
1234 1885 1684 1981 triangulum
1719 1885 1961 1980 ipsum
1999 1880 2221 1975 AYQ
2253 1887 2546 1981 aequale
2589 1880 2870 1958 sectori

746 1996 1003 2073 ACL:
1057 1998 1132 2072 id
1187 2009 1322 2083 est,
1358 2010 1618 2072 octava
1660 2022 1832 2095 pars
1866 1997 2204 2094 quadrati
2262 1997 2520 2089 QRST
2563 1997 2869 2072 duobus

752 2111 1164 2185 sectoribus
1200 2108 1419 2197 ACP,
1445 2109 1647 2184 APL
1685 2110 1900 2183 simul
1935 2111 2270 2207 sumptis,
2296 2110 2376 2183 id
2410 2124 2523 2184 est
2563 2122 2864 2185 octavae
3017 2066 3025 2213 ι

752 2225 949 2320 parti
984 2225 1211 2298 totius
1246 2224 1498 2297 circuli
1555 2221 1820 2299 BCDE
1867 2224 2062 2296 dati:
2115 2235 2190 2297 et
2224 2234 2465 2298 totum
2519 2223 2861 2323 quadra-
3024 2248 3026 2291 π

752 2351 911 2412 tum
949 2338 1210 2412 QRST
1243 2338 1519 2435 aequale
1557 2337 1832 2410 circulo
1868 2338 2161 2433 integro
2196 2336 2485 2413 BCDE.
3027 2338 3028 2341 ’

855 2453 1246 2526 Inventum
1336 2465 1450 2526 est
1527 2475 1704 2547 ergo
1783 2450 2057 2525 circulo
2137 2450 2316 2526 dato
2394 2452 2850 2549 quadratum

752 2566 1059 2664 aequale.

859 2678 1133 2753 Coroll.
1169 2680 1218 2752 i.
1273 2679 1351 2752 Si
1407 2688 1667 2751 centro
1717 2679 1813 2768 A,
1873 2678 2418 2754 semidiametro
2472 2680 2616 2771 Ab,
2675 2699 2844 2778 quae

744 2797 845 2871 sit
878 2793 1122 2869 media
1154 2795 1719 2892 proportionalis
1754 2796 1950 2868 inter
1971 2794 2166 2869 latus
2194 2793 2327 2870 AC
2362 2807 2439 2869 et
2470 2796 2704 2893 ipsius
2740 2795 2845 2869 di·

748 2908 1081 2997 midium‚
1116 2909 1576 2983 describatur
1607 2932 1819 2982 arcus
1865 2908 2123 2982 circuli
2173 2932 2429 2982 secans
2465 2907 2603 2984 AO
2638 2911 2719 2984 in
2774 2908 2838 2997 b,

751 3034 829 3096 et
864 3019 1010 3095 AV
1045 3023 1121 3095 in
1158 3049 1223 3113 c,
1259 3036 1336 3096 et
1370 3020 1501 3098 AC
1538 3022 1615 3094 in
1652 3021 1724 3109 h,
1762 3021 1903 3094 erit
1947 3032 2108 3094 tum
2160 3022 2615 3096 sectorculus
2652 3023 2836 3110 Abc,

753 3148 913 3208 tum
980 3136 1516 3232 quadrilineum
1586 3132 1834 3223 VPbc‚
1903 3134 2179 3231 aequale
2249 3134 2543 3208 trilineo
2625 3137 2833 3211 CYP.

740 3249 1138 3338 Praeterea,
1177 3250 1239 3323 'si
1276 3273 1321 3322 a
1346 3261 1627 3346 puncto
1664 3245 1707 3319 b
1761 3246 1856 3319 ad
1910 3246 2105 3320 latus
2140 3245 2272 3321 AC
2310 3247 2622 3322 ducatur
2667 3273 2832 3346 per-

749 3362 1239 3459 pendicularis
1265 3361 1372 3453 be,
1401 3362 1543 3436 erit
1577 3359 1947 3434 trilineum
1980 3359 2115 3432 hbe
2140 3360 2526 3434 dimidium
2561 3360 2832 3435 trilinei

855 3587 1130 3663 Coroll.
1186 3588 1262 3661 ii.
1351 3589 1697 3683 Sequitur
1757 3587 1977 3660 etiam
2048 3611 2423 3661 excessum
2495 3590 2830 3686 quadrati

744 3701 1013 3779 ABGC
1065 3726 1284 3799 supra
1329 3702 1812 3798 quadrantem
1850 3699 2072 3789 ABG,
2108 3725 2265 3774 esse
2321 3702 2416 3776 ad
2451 3727 2828 3776 excessum

748 3816 1176 3912 quadrantis
1275 3815 1602 3910 ejusdem
1708 3839 1929 3912 supra
2025 3815 2408 3891 dimidium
2493 3815 2829 3914 quadrati

747 3926 1039 4018 ABGC,
1076 3940 1160 4002 ut
1197 3939 1242 4002 2
1280 3927 1378 4001 ad
1411 3937 1483 4001 3.

850 4043 1092 4116 Ducta
1126 4044 1322 4117 enim
1357 4066 1402 4115 a
1434 4054 1713 4138 puncto
1750 4042 1810 4115 L
1834 4041 1930 4115 ad
1964 4042 2156 4115 latus
2191 4039 2322 4116 AC
2352 4041 2826 4137 perpendicu-

747 4155 883 4228 lari
943 4154 1076 4246 Lh,
1119 4157 1261 4230 erit
1315 4155 1765 4251 triangulum
1802 4154 1988 4229 ALh
2043 4154 2425 4229 dimidium
2480 4154 2826 4251 trianguli
