3094 5125
735 507 869 572 114
1158 515 1695 570 EXAMmATlo
1737 517 1838 568 m·
1875 515 2374 568 EMENDA‘rlo

353 707 651 749 nutocus
726 681 1034 778 eandem
1067 703 1531 754 communem
1560 703 1978 753 mensuram
2010 680 2544 777 multiplicetur
2571 713 2591 766 ;
2641 706 2805 778 pro·

357 787 641 892 *ἕξ-ἐ
726 793 928 870 ducti
961 795 1171 869 radix
1207 805 1319 868 est
1349 793 1682 867 radicum
1733 817 2204 867 numerorum
2257 795 2808 891 propositorum

725 932 1031 983 summa.
1135 908 1571 1004 Exemplum
1629 908 2075 1004 operationis
2126 908 2341 981 affert
2394 908 2564 982 hoc.
2694 909 2811 982 Sit

723 1022 935 1095 radix
962 1021 1395 1119 quadratica
1428 1023 1565 1102 147
1587 1019 1927 1093 addenda
1946 1020 2178 1094 radici
2206 1020 2662 1117 quadraticae
2692 1028 2808 1096 12.

722 1134 994 1208 Divisis
1029 1133 1385 1207 ambobus
1412 1133 1734 1206 numeris
1755 1156 1889 1227 per
1923 1133 2315 1206 maximam
2339 1157 2808 1208 communem

724 1270 1139 1320 mensuram
1198 1255 1269 1335 3,
1326 1247 1516 1319 fiunt
1569 1244 1988 1341 quotientes
2039 1254 2134 1319 49
2192 1258 2268 1319 et
2325 1256 2371 1318 4
2403 1277 2423 1330 ;
2489 1271 2810 1344 quorum

721 1358 1004 1432 radices
1041 1370 1215 1431 sunt
1250 1361 1296 1440 7
1344 1369 1419 1430 et
1446 1367 1517 1431 2.
1626 1356 2047 1435 Quadratus
2102 1382 2148 1430 a
2213 1360 2292 1453 (7
2308 1360 2465 1453 ÷2)
2519 1371 2633 1434 est
2681 1368 2805 1448 81,

721 1472 847 1565 qui
896 1471 1160 1544 ductus
1215 1471 1292 1543 in
1353 1470 1664 1543 eandem
1723 1493 2189 1543 communem
2252 1495 2676 1545 mensuram
2733 1482 2805 1563 3,

717 1583 898 1657 facit
924 1594 1099 1672 243,
1138 1584 1345 1679 cujus
1380 1583 1589 1656 radix
1621 1582 2051 1680 quadratica
2083 1584 2383 1680 aequalis
2434 1596 2549 1658 est
2606 1585 2808 1659 radi-

720 1699 926 1772 cibus
996 1697 1440 1794 quadraticis
1501 1695 1884 1792 utriusque
1949 1698 2242 1770 numeri
2320 1702 2457 1781 147
2528 1710 2610 1772 et
2688 1709 2803 1773 12.

721 1810 1295 1885 substractionis
1324 1822 1572 1883 autem
1611 1809 2021 1905 exemplum
2046 1810 2192 1885 hoc
2225 1821 2362 1885 est.
2468 1811 2807 1886 Quadre-

716 1936 862 2009 tur,
890 1948 1040 1997 non
1065 1935 1152 1997 ut
1172 1936 1367 2012 ante,
1391 1947 1698 2011 summa,
1714 1921 1843 1996 sed
1866 1922 2279 1997 differentia
2297 1924 2632 1998 radicum
2659 1928 2707 2008 7
2729 1937 2804 2000 et

718 2047 790 2128 2,
819 2062 983 2135 quae
1019 2049 1131 2111 est
1159 2045 1200 2110 5
1234 2069 1253 2120 ς
1292 2037 1498 2131 cujus
1535 2035 1936 2132 quadratus
1974 2046 2085 2109 est
2107 2045 2202 2110 25
2235 2070 2255 2123 3
2292 2038 2419 2134 qui
2443 2039 2803 2136 multipli-

718 2163 924 2225 catus
950 2174 1081 2248 per
1107 2149 1415 2224 eandem
1449 2149 1845 2222 maximam
1879 2173 2346 2223 communem
2378 2175 2803 2226 mensuram

718 2274 788 2355 3,
822 2265 1003 2338 facit
1039 2268 1083 2347 7
1089 2274 1184 2349 5;
1237 2266 1446 2359 cujus
1500 2263 1713 2336 radix
1774 2273 1886 2336 est
1946 2263 2246 2359 aequalis
2299 2288 2611 2338 numero
2673 2266 2802 2362 qui

716 2379 1153 2475 relinquitur
1188 2376 1512 2452 deducta
1551 2375 1805 2449 radice
1835 2377 2262 2471 quadratica
2305 2386 2391 2451 12
2429 2401 2520 2450 ex
2554 2377 2806 2452 radice

716 2491 1143 2590 quadratica
1177 2492 1314 2573 147
1324 2546 1341 2561 .
2162 2572 2171 2585 ὑ

812 2605 912 2678 Β.
969 2605 1168 2677 Num
1196 2592 1657 2675 demo'nstrat
1692 2602 1835 2676 hoc
1871 2602 2391 2699 Oughtredus?

812 2716 905 2790 A.
958 2715 1290 2790 Minime.
1422 2714 1885 2810 Propositum
1948 2716 2143 2790 enim
2209 2716 2316 2789 illi
2376 2726 2560 2812 puto
2634 2729 2799 2790 erat

714 2831 1087 2927 algebram
1121 2851 1271 2901 non
1305 2827 1644 2901 omnibus
1683 2828 2037 2931 scribere.
2060 2828 2189 2902 sed
2223 2829 2648 2925 geometris,
2673 2830 2799 2927 qui

715 2941 1080 3040 quomodo
1116 2940 1771 3014 demonstrandum
1807 2954 2000 3016 esset
2032 2966 2123 3016 ex
2159 2943 2319 3039 ipsa
2365 2944 2795 3039 operatione

713 3056 1120 3152 intelligere
1152 3063 1483 3151 possunt.

810 3171 911 3244 B.
964 3171 1410 3243 Demonstra
1440 3169 1584 3242 hoc
1615 3180 1719 3241 tu.

809 3283 906 3356 A.
965 3282 1186 3358 Quod
1221 3283 1473 3356 datum
1535 3292 1646 3355 est
1701 3305 1932 3370 sumu,
1983 3281 2268 3355 radices
2315 3305 2791 3355 numerorum

721 3402 858 3480 147
894 3409 966 3470 et
1012 3407 1096 3471 12
1133 3420 1292 3470 esse
1327 3395 2039 3470 commensurabiles,
2095 3392 2283 3468 Sunt
2303 3419 2482 3491 ergo
2510 3396 2789 3470 eaedem

709 3511 993 3585 radices
1052 3534 1524 3584 numerorum
1584 3509 2132 3606 quadratorum.
2238 3509 2343 3583 Ut
2402 3533 2580 3606 ergo
2652 3514 2786 3593 147

710 3624 806 3697 ad
861 3634 971 3714 12,
1008 3625 1115 3698 ita
1171 3636 1284 3698 est
1329 3623 1729 3721 quadratus
1783 3646 2132 3696 numerus
2191 3622 2286 3695 ad
2348 3623 2785 3719 quadratum

709 3761 1118 3810 numerum.
1255 3737 1696 3810 Dividantur
1766 3735 1982 3809 ambo
2046 3759 2178 3832 per
2263 3760 2519 3809 eorum
2587 3761 2783 3809 com-

707 3874 1003 3924 munem
1074 3874 1490 3925 mensuram
1551 3851 1945 3923 maximam
2007 3858 2077 3938 3,
2135 3860 2495 3944 eruntque
2547 3851 2784 3945 quoti-

710 3975 915 4038 entes
951 3971 1046 4036 49
1084 3975 1158 4037 et
1185 3974 1254 4036 4.
1307 3964 1439 4036 Est
1461 3988 1663 4060 erg0‚
1700 3976 1785 4037 ut
1827 3967 1964 4045 147
1989 3964 2082 4036 ad
2121 3973 2232 4049 12,
2253 3963 2362 4035 ita
2387 3962 2782 4060 quadratus

705 4101 1052 4152 numerus
1079 4085 1173 4150 49
1211 4076 1306 4150 ad
1328 4077 1771 4172 quadratum
1794 4099 2183 4149 numerum
2219 4084 2263 4148 4
2292 4107 2310 4160 ;
2349 4087 2425 4148 et
2457 4087 2541 4149 ut
2575 4075 2782 4150 radix

707 4190 1136 4289 quadratica
1180 4195 1315 4273 147
1353 4189 1447 4263 ad
1485 4190 1809 4263 radicem
1853 4189 2357 4285 quadraticam
2426 4198 2538 4277 12,
2576 4189 2684 4261 ita
2738 4195 2777 4272 7

706 4304 800 4377 ad
836 4314 909 4378 2.
1015 4301 1301 4375 Additis
1335 4302 1551 4375 simul
1589 4307 1632 4375 7
1670 4312 1744 4374 et
1773 4310 1844 4390 2,
1879 4300 1965 4373 fit
2000 4308 2047 4373 9
2081 4332 2101 4385 ;
2139 4301 2345 4396 cujus
2381 4299 2779 4395 quadratus

706 4429 820 4489 est
854 4424 939 4489 81
977 4445 992 4488 ε
1048 4417 1176 4512 qui
1208 4439 1554 4490 numerus
1591 4414 2115 4512 multiplicatus
2150 4438 2283 4510 per
2317 4437 2777 4488 communem
