<?xml version="1.0" encoding="UTF-8"?>
<!DOCTYPE html PUBLIC "-//W3C//DTD XHTML 1.0 Transitional//EN"
    "http://www.w3.org/TR/xhtml1/DTD/xhtml1-transitional.dtd">
<html xmlns="http://www.w3.org/1999/xhtml" xml:lang="en" lang="en">
 <head>
  <title>
</title>
<meta http-equiv="Content-Type" content="text/html;charset=utf-8" />
  <meta name='ocr-system' content='tesseract 3.04.00' />
  <meta name='ocr-capabilities' content='ocr_page ocr_carea ocr_par ocr_line ocrx_word'/>
</head>
<body>
  <div class='ocr_page' id='page_1' title='image "./thomhobbesmalme02molegoog_0445.png"; bbox 0 0 3094 5125; ppageno 0'>
   <div class='ocr_carea' id='block_1_1' title="bbox 1047 500 2407 564">
    <p class='ocr_par' dir='ltr' id='par_1_1' title="bbox 1047 500 2407 564">
     <span class='ocr_line' id='line_1_1' title="bbox 1047 500 2407 564; baseline 0.003 -4"><span class='ocrx_word' id='word_1_1' title='bbox 1047 509 1713 563; x_wconf 75' lang='lat' dir='ltr'><strong>GEOMETRARUM.</strong></span> <span class='ocrx_word' id='word_1_2' title='bbox 2262 500 2407 564; x_wconf 87' lang='lat'><strong>433</strong></span> 
     </span>
    </p>
   </div>
   <div class='ocr_carea' id='block_1_2' title="bbox 309 670 2809 4163">
    <p class='ocr_par' dir='ltr' id='par_1_2' title="bbox 309 670 2809 2017">
     <span class='ocr_line' id='line_1_2' title="bbox 433 670 2794 778; baseline 0 -34"><span class='ocrx_word' id='word_1_3' title='bbox 433 672 677 745; x_wconf 87' lang='lat' dir='ltr'><strong>Etiam</strong></span> <span class='ocrx_word' id='word_1_4' title='bbox 713 671 792 778; x_wconf 87' lang='lat' dir='ltr'><strong>in</strong></span> <span class='ocrx_word' id='word_1_5' title='bbox 825 670 1058 746; x_wconf 89' lang='lat' dir='ltr'><strong>tribus</strong></span> <span class='ocrx_word' id='word_1_6' title='bbox 1093 672 1252 746; x_wconf 86' lang='lat' dir='ltr'><strong>aliis</strong></span> <span class='ocrx_word' id='word_1_7' title='bbox 1278 672 1724 770; x_wconf 84' lang='lat' dir='ltr'>quibuslibet</span> <span class='ocrx_word' id='word_1_8' title='bbox 1758 673 2407 770; x_wconf 83' lang='lat' dir='ltr'><strong>magnitudinibus,</strong></span> <span class='ocrx_word' id='word_1_9' title='bbox 2476 705 2610 745; x_wconf 65' lang='lat' dir='ltr'><strong>cu.</strong></span> <span class='ocrx_word' id='word_1_10' title='bbox 2643 704 2794 744; x_wconf 84' lang='lat' dir='ltr'><strong>xvu.</strong></span> 
     </span>
     <span class='ocr_line' id='line_1_3' title="bbox 309 773 2795 892; baseline 0.002 -33"><span class='ocrx_word' id='word_1_11' title='bbox 309 809 640 882; x_wconf 88' lang='lat' dir='ltr'><strong>quarum</strong></span> <span class='ocrx_word' id='word_1_12' title='bbox 704 785 942 882; x_wconf 89' lang='lat' dir='ltr'><strong>prima</strong></span> <span class='ocrx_word' id='word_1_13' title='bbox 999 798 1114 859; x_wconf 93' lang='lat' dir='ltr'><strong>est</strong></span> <span class='ocrx_word' id='word_1_14' title='bbox 1171 788 1510 877; x_wconf 83' lang='lat' dir='ltr'><strong>maxima,</strong></span> <span class='ocrx_word' id='word_1_15' title='bbox 1571 787 1792 861; x_wconf 89' lang='lat' dir='ltr'><strong>tertio</strong></span> <span class='ocrx_word' id='word_1_16' title='bbox 1846 812 2022 862; x_wconf 86' lang='lat' dir='ltr'><strong>vero</strong></span> <span class='ocrx_word' id='word_1_17' title='bbox 2083 790 2406 882; x_wconf 90' lang='lat' dir='ltr'><strong>minima,</strong></span> <span class='ocrx_word' id='word_1_18' title='bbox 2469 773 2795 892; x_wconf 51' lang='lat' dir='ltr'><em>m</em></span> 
     </span>
     <span class='ocr_line' id='line_1_4' title="bbox 319 899 2809 1011; baseline 0.003 -40"><span class='ocrx_word' id='word_1_19' title='bbox 319 899 530 972; x_wconf 90' lang='lat' dir='ltr'><strong>idem</strong></span> <span class='ocrx_word' id='word_1_20' title='bbox 568 899 985 995; x_wconf 84' lang='lat' dir='ltr'><strong>continget:</strong></span> <span class='ocrx_word' id='word_1_21' title='bbox 1037 911 1118 973; x_wconf 90' lang='lat' dir='ltr'><strong>ut</strong></span> <span class='ocrx_word' id='word_1_22' title='bbox 1155 900 1231 973; x_wconf 91' lang='lat' dir='ltr'><strong>in</strong></span> <span class='ocrx_word' id='word_1_23' title='bbox 1264 902 1379 974; x_wconf 88' lang='lat' dir='ltr'><strong>his</strong></span> <span class='ocrx_word' id='word_1_24' title='bbox 1413 902 1736 974; x_wconf 89' lang='lat' dir='ltr'><strong>numeris</strong></span> <span class='ocrx_word' id='word_1_25' title='bbox 1780 910 1888 993; x_wconf 86' lang='lat'><strong>12,</strong></span> <span class='ocrx_word' id='word_1_26' title='bbox 1921 910 1994 991; x_wconf 88' lang='lat'><strong>8,</strong></span> <span class='ocrx_word' id='word_1_27' title='bbox 2021 912 2093 992; x_wconf 87' lang='grc'><strong>2,</strong></span> <span class='ocrx_word' id='word_1_28' title='bbox 2131 905 2259 978; x_wconf 91' lang='lat' dir='ltr'><strong>ubi</strong></span> <span class='ocrx_word' id='word_1_29' title='bbox 2291 929 2404 978; x_wconf 90' lang='lat' dir='ltr'><strong>ra·</strong></span> <span class='ocrx_word' id='word_1_30' title='bbox 2467 900 2809 1011; x_wconf 51' lang='lat' dir='ltr'><strong>gffgffvssw</strong></span> 
     </span>
     <span class='ocr_line' id='line_1_5' title="bbox 320 1013 2409 1111; baseline 0.003 -26"><span class='ocrx_word' id='word_1_31' title='bbox 320 1013 442 1086; x_wconf 82' lang='lat' dir='ltr'><strong>tio</strong></span> <span class='ocrx_word' id='word_1_32' title='bbox 497 1014 755 1109; x_wconf 87' lang='lat' dir='ltr'><strong>primae</strong></span> <span class='ocrx_word' id='word_1_33' title='bbox 813 1013 907 1086; x_wconf 87' lang='lat' dir='ltr'><strong>ad</strong></span> <span class='ocrx_word' id='word_1_34' title='bbox 962 1014 1358 1088; x_wconf 86' lang='lat' dir='ltr'><strong>secundam</strong></span> <span class='ocrx_word' id='word_1_35' title='bbox 1404 1027 1520 1087; x_wconf 91' lang='lat' dir='ltr'><strong>est</strong></span> <span class='ocrx_word' id='word_1_36' title='bbox 1570 1015 1825 1089; x_wconf 86' lang='lat' dir='ltr'><strong>eadem</strong></span> <span class='ocrx_word' id='word_1_37' title='bbox 1873 1040 2037 1111; x_wconf 87' lang='lat' dir='ltr'><strong>quae</strong></span> <span class='ocrx_word' id='word_1_38' title='bbox 2089 1029 2133 1090; x_wconf 90' lang='lat'><strong>3</strong></span> <span class='ocrx_word' id='word_1_39' title='bbox 2185 1018 2281 1091; x_wconf 86' lang='lat' dir='ltr'><strong>ad</strong></span> <span class='ocrx_word' id='word_1_40' title='bbox 2334 1029 2409 1110; x_wconf 86' lang='lat'><strong>2,</strong></span> 
     </span>
     <span class='ocr_line' id='line_1_6' title="bbox 323 1126 2407 1227; baseline 0.003 -28"><span class='ocrx_word' id='word_1_41' title='bbox 323 1126 527 1199; x_wconf 82' lang='lat' dir='ltr'><strong>ratio</strong></span> <span class='ocrx_word' id='word_1_42' title='bbox 563 1139 810 1199; x_wconf 87' lang='lat' dir='ltr'><strong>autem</strong></span> <span class='ocrx_word' id='word_1_43' title='bbox 847 1126 1187 1200; x_wconf 86' lang='lat' dir='ltr'><strong>secundae</strong></span> <span class='ocrx_word' id='word_1_44' title='bbox 1220 1128 1316 1200; x_wconf 90' lang='lat' dir='ltr'><strong>ad</strong></span> <span class='ocrx_word' id='word_1_45' title='bbox 1362 1128 1656 1201; x_wconf 82' lang='lat' dir='ltr'><strong>tertiam</strong></span> <span class='ocrx_word' id='word_1_46' title='bbox 1706 1129 1961 1201; x_wconf 89' lang='lat' dir='ltr'><strong>eadem</strong></span> <span class='ocrx_word' id='word_1_47' title='bbox 2015 1142 2129 1203; x_wconf 87' lang='lat' dir='ltr'><strong>cst</strong></span> <span class='ocrx_word' id='word_1_48' title='bbox 2164 1156 2327 1227; x_wconf 85' lang='lat' dir='ltr'><strong>quae</strong></span> <span class='ocrx_word' id='word_1_49' title='bbox 2361 1143 2407 1206; x_wconf 88' lang='grc'>2</span> 
     </span>
     <span class='ocr_line' id='line_1_7' title="bbox 325 1238 2411 1338; baseline 0.003 -26"><span class='ocrx_word' id='word_1_50' title='bbox 325 1238 434 1312; x_wconf 79' lang='lat' dir='ltr'><strong>ad</strong></span> <span class='ocrx_word' id='word_1_51' title='bbox 467 1241 532 1319; x_wconf 63' lang='lat'><strong>³}-</strong></span> <span class='ocrx_word' id='word_1_52' title='bbox 635 1240 1177 1335; x_wconf 89' lang='lat' dir='ltr'><strong>Componamus</strong></span> <span class='ocrx_word' id='word_1_53' title='bbox 1211 1242 1342 1314; x_wconf 88' lang='lat' dir='ltr'><strong>has</strong></span> <span class='ocrx_word' id='word_1_54' title='bbox 1375 1242 1614 1338; x_wconf 90' lang='lat' dir='ltr'><strong>primo</strong></span> <span class='ocrx_word' id='word_1_55' title='bbox 1663 1244 1875 1338; x_wconf 83' lang='lat' dir='ltr'><strong>juxta</strong></span> <span class='ocrx_word' id='word_1_56' title='bbox 1909 1243 2411 1319; x_wconf 87' lang='lat' dir='ltr'><strong>definitionem</strong></span> 
     </span>
     <span class='ocr_line' id='line_1_8' title="bbox 327 1352 2410 1455; baseline 0.003 -30"><span class='ocrx_word' id='word_1_57' title='bbox 327 1352 686 1426; x_wconf 84' lang='lat' dir='ltr'><strong>traditam</strong></span> <span class='ocrx_word' id='word_1_58' title='bbox 719 1353 812 1425; x_wconf 92' lang='lat' dir='ltr'><strong>ab</strong></span> <span class='ocrx_word' id='word_1_59' title='bbox 846 1354 1173 1443; x_wconf 84' lang='lat' dir='ltr'><strong>Euclide,</strong></span> <span class='ocrx_word' id='word_1_60' title='bbox 1210 1354 1375 1428; x_wconf 90' lang='lat' dir='ltr'><strong>Def.</strong></span> <span class='ocrx_word' id='word_1_61' title='bbox 1415 1364 1482 1443; x_wconf 85' lang='lat'><strong>5,</strong></span> <span class='ocrx_word' id='word_1_62' title='bbox 1513 1355 1742 1429; x_wconf 88' lang='lat' dir='ltr'><strong>Elem.</strong></span> <span class='ocrx_word' id='word_1_63' title='bbox 1780 1357 1877 1445; x_wconf 85' lang='lat' dir='ltr'><strong>vi,</strong></span> <span class='ocrx_word' id='word_1_64' title='bbox 1903 1380 2037 1452; x_wconf 86' lang='lat' dir='ltr'><strong>per</strong></span> <span class='ocrx_word' id='word_1_65' title='bbox 2068 1358 2410 1455; x_wconf 89' lang='lat' dir='ltr'><strong>multipli-</strong></span> 
     </span>
     <span class='ocr_line' id='line_1_9' title="bbox 332 1465 2411 1545; baseline 0.003 -6"><span class='ocrx_word' id='word_1_66' title='bbox 332 1466 704 1540; x_wconf 87' lang='lat' dir='ltr'><strong>cationem</strong></span> <span class='ocrx_word' id='word_1_67' title='bbox 738 1465 932 1539; x_wconf 88' lang='lat' dir='ltr'><strong>inter</strong></span> <span class='ocrx_word' id='word_1_68' title='bbox 977 1490 1056 1539; x_wconf 92' lang='lat' dir='ltr'><strong>se</strong></span> <span class='ocrx_word' id='word_1_69' title='bbox 1110 1478 1269 1540; x_wconf 91' lang='lat' dir='ltr'><strong>tum</strong></span> <span class='ocrx_word' id='word_1_70' title='bbox 1312 1468 1905 1543; x_wconf 86' lang='lat' dir='ltr'><strong>antecedentium</strong></span> <span class='ocrx_word' id='word_1_71' title='bbox 1950 1483 2111 1545; x_wconf 90' lang='lat' dir='ltr'><strong>tum</strong></span> <span class='ocrx_word' id='word_1_72' title='bbox 2155 1496 2411 1545; x_wconf 90' lang='lat' dir='ltr'><strong>conse-</strong></span> 
     </span>
     <span class='ocr_line' id='line_1_10' title="bbox 333 1580 2411 1681; baseline 0.003 -30"><span class='ocrx_word' id='word_1_73' title='bbox 333 1580 741 1675; x_wconf 90' lang='lat' dir='ltr'><strong>quentium.</strong></span> <span class='ocrx_word' id='word_1_74' title='bbox 844 1580 1099 1653; x_wconf 87' lang='lat' dir='ltr'><strong>Oritur</strong></span> <span class='ocrx_word' id='word_1_75' title='bbox 1133 1593 1380 1656; x_wconf 90' lang='lat' dir='ltr'><strong>autem</strong></span> <span class='ocrx_word' id='word_1_76' title='bbox 1415 1582 1603 1655; x_wconf 85' lang='lat' dir='ltr'><strong>ratio</strong></span> <span class='ocrx_word' id='word_1_77' title='bbox 1646 1592 1732 1657; x_wconf 87' lang='lat'><strong>12</strong></span> <span class='ocrx_word' id='word_1_78' title='bbox 1769 1583 1863 1655; x_wconf 90' lang='lat' dir='ltr'><strong>ad</strong></span> <span class='ocrx_word' id='word_1_79' title='bbox 1898 1592 1968 1671; x_wconf 91' lang='grc'><strong>2,</strong></span> <span class='ocrx_word' id='word_1_80' title='bbox 2005 1585 2214 1679; x_wconf 88' lang='lat' dir='ltr'><strong>cujus</strong></span> <span class='ocrx_word' id='word_1_81' title='bbox 2243 1608 2411 1681; x_wconf 89' lang='lat' dir='ltr'><strong>par-</strong></span> 
     </span>
     <span class='ocr_line' id='line_1_11' title="bbox 337 1695 2409 1789; baseline 0.003 -24"><span class='ocrx_word' id='word_1_82' title='bbox 337 1703 451 1766; x_wconf 89' lang='lat' dir='ltr'><strong>tes</strong></span> <span class='ocrx_word' id='word_1_83' title='bbox 502 1704 1024 1789; x_wconf 86' lang='lat' dir='ltr'><strong>componentes</strong></span> <span class='ocrx_word' id='word_1_84' title='bbox 1073 1707 1292 1767; x_wconf 89' lang='lat' dir='ltr'><strong>erunt</strong></span> <span class='ocrx_word' id='word_1_85' title='bbox 1335 1695 1660 1770; x_wconf 86' lang='lat' dir='ltr'><strong>rationes</strong></span> <span class='ocrx_word' id='word_1_86' title='bbox 1714 1706 1758 1769; x_wconf 88' lang='lat'><strong>3</strong></span> <span class='ocrx_word' id='word_1_87' title='bbox 1795 1695 1891 1769; x_wconf 86' lang='lat' dir='ltr'><strong>ad</strong></span> <span class='ocrx_word' id='word_1_88' title='bbox 1919 1707 1964 1770; x_wconf 93' lang='grc'>2</span> <span class='ocrx_word' id='word_1_89' title='bbox 2003 1708 2079 1771; x_wconf 91' lang='lat' dir='ltr'><strong>et</strong></span> <span class='ocrx_word' id='word_1_90' title='bbox 2113 1707 2157 1771; x_wconf 95' lang='grc'>2</span> <span class='ocrx_word' id='word_1_91' title='bbox 2196 1697 2290 1771; x_wconf 90' lang='lat' dir='ltr'><strong>ad</strong></span> <span class='ocrx_word' id='word_1_92' title='bbox 2325 1709 2360 1786; x_wconf 55' lang='grc' dir='ltr'><em>ξ</em></span> <span class='ocrx_word' id='word_1_93' title='bbox 2390 1731 2409 1783; x_wconf 89' lang='grc'><strong>;</strong></span> 
     </span>
     <span class='ocr_line' id='line_1_12' title="bbox 338 1806 2414 1905; baseline 0.003 -26"><span class='ocrx_word' id='word_1_94' title='bbox 338 1807 419 1880; x_wconf 88' lang='lat' dir='ltr'><strong>id</strong></span> <span class='ocrx_word' id='word_1_95' title='bbox 452 1819 587 1896; x_wconf 88' lang='lat' dir='ltr'><strong>est,</strong></span> <span class='ocrx_word' id='word_1_96' title='bbox 627 1806 1161 1902; x_wconf 85' lang='lat' dir='ltr'><strong>(multiplicatis</strong></span> <span class='ocrx_word' id='word_1_97' title='bbox 1195 1809 1530 1882; x_wconf 90' lang='lat' dir='ltr'><strong>omnibus</strong></span> <span class='ocrx_word' id='word_1_98' title='bbox 1565 1809 1896 1882; x_wconf 89' lang='lat' dir='ltr'><strong>terminis</strong></span> <span class='ocrx_word' id='word_1_99' title='bbox 1929 1833 2062 1905; x_wconf 91' lang='lat' dir='ltr'><strong>per</strong></span> <span class='ocrx_word' id='word_1_100' title='bbox 2086 1810 2414 1903; x_wconf 87' lang='lat' dir='ltr'><strong>4),·ratio</strong></span> 
     </span>
     <span class='ocr_line' id='line_1_13' title="bbox 349 1919 2413 2017; baseline 0.003 -25"><span class='ocrx_word' id='word_1_101' title='bbox 349 1929 437 1993; x_wconf 89' lang='lat'><strong>12</strong></span> <span class='ocrx_word' id='word_1_102' title='bbox 473 1919 569 1993; x_wconf 86' lang='lat' dir='ltr'><strong>ad</strong></span> <span class='ocrx_word' id='word_1_103' title='bbox 603 1929 648 1994; x_wconf 92' lang='grc'>2</span> <span class='ocrx_word' id='word_1_104' title='bbox 685 1919 1091 2017; x_wconf 88' lang='lat' dir='ltr'><strong>composita</strong></span> <span class='ocrx_word' id='word_1_105' title='bbox 1124 1943 1217 1993; x_wconf 83' lang='lat' dir='ltr'><strong>cx</strong></span> <span class='ocrx_word' id='word_1_106' title='bbox 1242 1920 1647 1995; x_wconf 85' lang='lat' dir='ltr'><strong>rationibus</strong></span> <span class='ocrx_word' id='word_1_107' title='bbox 1685 1931 1768 1995; x_wconf 86' lang='lat'><strong>12</strong></span> <span class='ocrx_word' id='word_1_108' title='bbox 1801 1921 1897 1995; x_wconf 91' lang='lat' dir='ltr'><strong>ad</strong></span> <span class='ocrx_word' id='word_1_109' title='bbox 1919 1930 1990 2012; x_wconf 88' lang='lat'><strong>8,</strong></span> <span class='ocrx_word' id='word_1_110' title='bbox 2025 1935 2103 1996; x_wconf 89' lang='lat' dir='ltr'><strong>et</strong></span> <span class='ocrx_word' id='word_1_111' title='bbox 2136 1931 2182 1997; x_wconf 84' lang='lat'>8</span> <span class='ocrx_word' id='word_1_112' title='bbox 2219 1923 2316 1996; x_wconf 86' lang='lat' dir='ltr'><strong>ad</strong></span> <span class='ocrx_word' id='word_1_113' title='bbox 2341 1934 2413 1999; x_wconf 91' lang='grc'><strong>2.</strong></span> 
     </span>
    </p>

    <p class='ocr_par' dir='ltr' id='par_1_3' title="bbox 334 2033 2418 2814">
     <span class='ocr_line' id='line_1_14' title="bbox 440 2033 2416 2131; baseline 0.002 -25"><span class='ocrx_word' id='word_1_114' title='bbox 440 2033 724 2107; x_wconf 88' lang='lat' dir='ltr'><strong>Deinde</strong></span> <span class='ocrx_word' id='word_1_115' title='bbox 760 2057 1285 2130; x_wconf 85' lang='lat' dir='ltr'><strong>componamus</strong></span> <span class='ocrx_word' id='word_1_116' title='bbox 1320 2034 1611 2106; x_wconf 88' lang='lat' dir='ltr'><strong>easdem</strong></span> <span class='ocrx_word' id='word_1_117' title='bbox 1656 2059 1790 2131; x_wconf 88' lang='lat' dir='ltr'><strong>per</strong></span> <span class='ocrx_word' id='word_1_118' title='bbox 1839 2036 2166 2131; x_wconf 87' lang='lat' dir='ltr'><strong>regulam</strong></span> <span class='ocrx_word' id='word_1_119' title='bbox 2215 2061 2416 2111; x_wconf 91' lang='lat' dir='ltr'><strong>com-</strong></span> 
     </span>
     <span class='ocr_line' id='line_1_15' title="bbox 341 2146 2412 2245; baseline 0.001 -24"><span class='ocrx_word' id='word_1_120' title='bbox 341 2147 727 2243; x_wconf 81' lang='lat' dir='ltr'><strong>positionis</strong></span> <span class='ocrx_word' id='word_1_121' title='bbox 783 2147 1025 2236; x_wconf 87' lang='lat' dir='ltr'><strong>aliam,</strong></span> <span class='ocrx_word' id='word_1_122' title='bbox 1080 2146 1430 2221; x_wconf 86' lang='lat' dir='ltr'><strong>traditam</strong></span> <span class='ocrx_word' id='word_1_123' title='bbox 1477 2171 1522 2221; x_wconf 90' lang='lat' dir='ltr'><strong>a</strong></span> <span class='ocrx_word' id='word_1_124' title='bbox 1574 2147 1825 2222; x_wconf 87' lang='lat' dir='ltr'><strong>Clavio</strong></span> <span class='ocrx_word' id='word_1_125' title='bbox 1878 2150 1976 2223; x_wconf 91' lang='lat' dir='ltr'><strong>ad</strong></span> <span class='ocrx_word' id='word_1_126' title='bbox 2027 2150 2240 2245; x_wconf 89' lang='lat' dir='ltr'><strong>Prop.</strong></span> <span class='ocrx_word' id='word_1_127' title='bbox 2289 2161 2412 2225; x_wconf 91' lang='grc'><strong>23.</strong></span> 
     </span>
     <span class='ocr_line' id='line_1_16' title="bbox 334 2262 2413 2357; baseline 0 -22"><span class='ocrx_word' id='word_1_128' title='bbox 334 2262 573 2335; x_wconf 87' lang='lat' dir='ltr'><strong>Elem.</strong></span> <span class='ocrx_word' id='word_1_129' title='bbox 613 2262 712 2335; x_wconf 88' lang='lat' dir='ltr'><strong>vi.</strong></span> <span class='ocrx_word' id='word_1_130' title='bbox 833 2262 998 2334; x_wconf 87' lang='lat' dir='ltr'><strong>Fiat</strong></span> <span class='ocrx_word' id='word_1_131' title='bbox 1038 2284 1215 2357; x_wconf 86' lang='lat' dir='ltr'><strong>ergo</strong></span> <span class='ocrx_word' id='word_1_132' title='bbox 1265 2274 1350 2335; x_wconf 86' lang='lat' dir='ltr'><strong>ut</strong></span> <span class='ocrx_word' id='word_1_133' title='bbox 1378 2272 1423 2335; x_wconf 88' lang='lat'><strong>3</strong></span> <span class='ocrx_word' id='word_1_134' title='bbox 1459 2262 1556 2335; x_wconf 91' lang='lat' dir='ltr'><strong>ad</strong></span> <span class='ocrx_word' id='word_1_135' title='bbox 1591 2269 1661 2350; x_wconf 91' lang='grc'><strong>2,</strong></span> <span class='ocrx_word' id='word_1_136' title='bbox 1697 2263 1802 2336; x_wconf 87' lang='lat' dir='ltr'><strong>ita</strong></span> <span class='ocrx_word' id='word_1_137' title='bbox 1846 2274 1892 2337; x_wconf 92' lang='grc'>2</span> <span class='ocrx_word' id='word_1_138' title='bbox 1928 2263 2024 2337; x_wconf 88' lang='lat' dir='ltr'><strong>ad</strong></span> <span class='ocrx_word' id='word_1_139' title='bbox 2069 2264 2311 2351; x_wconf 84' lang='lat' dir='ltr'><strong>aliam,</strong></span> <span class='ocrx_word' id='word_1_140' title='bbox 2347 2266 2413 2343; x_wconf 62' lang='grc' dir='ltr'><strong>ὲ.</strong></span> 
     </span>
     <span class='ocr_line' id='line_1_17' title="bbox 343 2375 2418 2473; baseline 0 -24"><span class='ocrx_word' id='word_1_141' title='bbox 343 2375 851 2472; x_wconf 84' lang='lat' dir='ltr'><strong>Expositisque</strong></span> <span class='ocrx_word' id='word_1_142' title='bbox 885 2375 1207 2448; x_wconf 87' lang='lat' dir='ltr'><strong>numeris</strong></span> <span class='ocrx_word' id='word_1_143' title='bbox 1245 2383 1312 2463; x_wconf 89' lang='lat'><strong>3,</strong></span> <span class='ocrx_word' id='word_1_144' title='bbox 1338 2383 1409 2461; x_wconf 90' lang='grc'><strong>2,</strong></span> <span class='ocrx_word' id='word_1_145' title='bbox 1431 2378 1494 2464; x_wconf 56' lang='grc' dir='ltr'><strong>ᾖ,</strong></span> <span class='ocrx_word' id='word_1_146' title='bbox 1532 2376 1674 2449; x_wconf 91' lang='lat' dir='ltr'><strong>erit</strong></span> <span class='ocrx_word' id='word_1_147' title='bbox 1716 2377 1908 2450; x_wconf 89' lang='lat' dir='ltr'><strong>ratio</strong></span> <span class='ocrx_word' id='word_1_148' title='bbox 1931 2378 2337 2473; x_wconf 87' lang='lat' dir='ltr'><strong>composita</strong></span> <span class='ocrx_word' id='word_1_149' title='bbox 2372 2386 2418 2450; x_wconf 88' lang='grc'><strong>3</strong></span> 
     </span>
     <span class='ocr_line' id='line_1_18' title="bbox 343 2487 2415 2587; baseline 0.002 -26"><span class='ocrx_word' id='word_1_150' title='bbox 343 2487 440 2561; x_wconf 87' lang='lat' dir='ltr'><strong>ad</strong></span> <span class='ocrx_word' id='word_1_151' title='bbox 475 2489 510 2567; x_wconf 63' lang='grc' dir='ltr'><strong>ὲ</strong></span> <span class='ocrx_word' id='word_1_152' title='bbox 549 2488 848 2585; x_wconf 87' lang='lat' dir='ltr'><strong>aequalis</strong></span> <span class='ocrx_word' id='word_1_153' title='bbox 880 2489 1295 2562; x_wconf 84' lang='lat' dir='ltr'><strong>rationibus</strong></span> <span class='ocrx_word' id='word_1_154' title='bbox 1322 2490 1929 2587; x_wconf 85' lang='lat' dir='ltr'><strong>componentibus</strong></span> <span class='ocrx_word' id='word_1_155' title='bbox 1963 2500 2009 2565; x_wconf 88' lang='lat'><strong>3</strong></span> <span class='ocrx_word' id='word_1_156' title='bbox 2044 2489 2140 2564; x_wconf 90' lang='lat' dir='ltr'><strong>ad</strong></span> <span class='ocrx_word' id='word_1_157' title='bbox 2176 2501 2221 2565; x_wconf 98' lang='grc'>2</span> <span class='ocrx_word' id='word_1_158' title='bbox 2258 2503 2335 2565; x_wconf 87' lang='lat' dir='ltr'><strong>et</strong></span> <span class='ocrx_word' id='word_1_159' title='bbox 2370 2500 2415 2565; x_wconf 87' lang='grc'>2</span> 
     </span>
     <span class='ocr_line' id='line_1_19' title="bbox 348 2602 2418 2701; baseline 0.002 -27"><span class='ocrx_word' id='word_1_160' title='bbox 348 2602 445 2675; x_wconf 87' lang='lat' dir='ltr'><strong>ad</strong></span> <span class='ocrx_word' id='word_1_161' title='bbox 476 2611 542 2690; x_wconf 65' lang='lat'><strong>²}-</strong></span> <span class='ocrx_word' id='word_1_162' title='bbox 646 2603 841 2675; x_wconf 92' lang='lat' dir='ltr'><strong>Nam</strong></span> <span class='ocrx_word' id='word_1_163' title='bbox 876 2604 1377 2699; x_wconf 86' lang='lat' dir='ltr'><strong>multiplicatis</strong></span> <span class='ocrx_word' id='word_1_164' title='bbox 1413 2604 1750 2678; x_wconf 90' lang='lat' dir='ltr'><strong>omnibus</strong></span> <span class='ocrx_word' id='word_1_165' title='bbox 1798 2605 2130 2678; x_wconf 89' lang='lat' dir='ltr'><strong>terminis</strong></span> <span class='ocrx_word' id='word_1_166' title='bbox 2175 2629 2308 2701; x_wconf 91' lang='lat' dir='ltr'><strong>per</strong></span> <span class='ocrx_word' id='word_1_167' title='bbox 2342 2614 2418 2695; x_wconf 87' lang='lat'><strong>4,</strong></span> 
     </span>
     <span class='ocr_line' id='line_1_20' title="bbox 349 2717 2071 2814; baseline 0.003 -28"><span class='ocrx_word' id='word_1_168' title='bbox 349 2726 741 2789; x_wconf 87' lang='lat' dir='ltr'><strong>nascentur</strong></span> <span class='ocrx_word' id='word_1_169' title='bbox 774 2717 1058 2789; x_wconf 90' lang='lat' dir='ltr'><strong>numeri</strong></span> <span class='ocrx_word' id='word_1_170' title='bbox 1095 2726 1205 2805; x_wconf 88' lang='grc'><strong>12,</strong></span> <span class='ocrx_word' id='word_1_171' title='bbox 1228 2726 1297 2807; x_wconf 88' lang='grc'><strong>8,</strong></span> <span class='ocrx_word' id='word_1_172' title='bbox 1320 2726 1393 2806; x_wconf 91' lang='grc'><strong>2,</strong></span> <span class='ocrx_word' id='word_1_173' title='bbox 1428 2717 1652 2792; x_wconf 85' lang='lat' dir='ltr'><strong>iidem</strong></span> <span class='ocrx_word' id='word_1_174' title='bbox 1689 2719 1811 2814; x_wconf 90' lang='lat' dir='ltr'><strong>qui</strong></span> <span class='ocrx_word' id='word_1_175' title='bbox 1846 2720 2071 2814; x_wconf 80' lang='lat' dir='ltr'><strong>prius,</strong></span> 
     </span>
    </p>

    <p class='ocr_par' dir='ltr' id='par_1_4' title="bbox 347 2828 2424 3488">
     <span class='ocr_line' id='line_1_21' title="bbox 451 2828 2419 2927; baseline 0.002 -28"><span class='ocrx_word' id='word_1_176' title='bbox 451 2828 710 2924; x_wconf 85' lang='lat' dir='ltr'><strong>Itaque</strong></span> <span class='ocrx_word' id='word_1_177' title='bbox 776 2828 959 2901; x_wconf 88' lang='lat' dir='ltr'><strong>nihil</strong></span> <span class='ocrx_word' id='word_1_178' title='bbox 1016 2829 1230 2902; x_wconf 83' lang='lat' dir='ltr'><strong>video</strong></span> <span class='ocrx_word' id='word_1_179' title='bbox 1290 2854 1435 2925; x_wconf 90' lang='lat' dir='ltr'><strong>quo</strong></span> <span class='ocrx_word' id='word_1_180' title='bbox 1494 2831 1734 2903; x_wconf 88' lang='lat' dir='ltr'><strong>minus</strong></span> <span class='ocrx_word' id='word_1_181' title='bbox 1800 2831 2206 2927; x_wconf 90' lang='lat' dir='ltr'><strong>propositio</strong></span> <span class='ocrx_word' id='word_1_182' title='bbox 2270 2829 2419 2919; x_wconf 87' lang='lat' dir='ltr'><strong>illa,</strong></span> 
     </span>
     <span class='ocr_line' id='line_1_22' title="bbox 348 2940 2424 3041; baseline 0.002 -29"><span class='ocrx_word' id='word_1_183' title='bbox 348 2963 635 3035; x_wconf 90' lang='lat' dir='ltr'><strong>nempe,</strong></span> <span class='ocrx_word' id='word_1_184' title='bbox 672 2941 874 3013; x_wconf 82' lang='lat' dir='ltr'><strong>ratio</strong></span> <span class='ocrx_word' id='word_1_185' title='bbox 906 2940 1192 3039; x_wconf 70' lang='lat' dir='ltr'><strong>primi*</strong></span> <span class='ocrx_word' id='word_1_186' title='bbox 1228 2941 1337 3015; x_wconf 84' lang='lat' dir='ltr'><strong>ad</strong></span> <span class='ocrx_word' id='word_1_187' title='bbox 1362 2942 1692 3015; x_wconf 78' lang='lat' dir='ltr'><strong>ultimam</strong></span> <span class='ocrx_word' id='word_1_188' title='bbox 1738 2944 2143 3041; x_wconf 70' lang='lat' dir='ltr'><strong>composita</strong></span> <span class='ocrx_word' id='word_1_189' title='bbox 2179 2953 2295 3016; x_wconf 71' lang='lat' dir='ltr'><strong>est</strong></span> <span class='ocrx_word' id='word_1_190' title='bbox 2327 2967 2424 3016; x_wconf 70' lang='lat' dir='ltr'><strong>ex</strong></span> 
     </span>
     <span class='ocr_line' id='line_1_23' title="bbox 349 3052 2423 3151; baseline 0.002 -27"><span class='ocrx_word' id='word_1_191' title='bbox 349 3052 764 3126; x_wconf 72' lang='lat' dir='ltr'><strong>rationibus</strong></span> <span class='ocrx_word' id='word_1_192' title='bbox 792 3053 1275 3141; x_wconf 70' lang='lat' dir='ltr'><strong>intermediis,</strong></span> <span class='ocrx_word' id='word_1_193' title='bbox 1301 3079 1435 3151; x_wconf 92' lang='lat' dir='ltr'><strong>pro</strong></span> <span class='ocrx_word' id='word_1_194' title='bbox 1465 3078 1639 3127; x_wconf 85' lang='lat' dir='ltr'><strong>vera</strong></span> <span class='ocrx_word' id='word_1_195' title='bbox 1664 3055 2042 3128; x_wconf 88' lang='lat' dir='ltr'><strong>habeatur.</strong></span> <span class='ocrx_word' id='word_1_196' title='bbox 2097 3056 2423 3129; x_wconf 91' lang='lat' dir='ltr'><strong>Adverto</strong></span> 
     </span>
     <span class='ocr_line' id='line_1_24' title="bbox 347 3166 2424 3262; baseline 0.001 -23"><span class='ocrx_word' id='word_1_197' title='bbox 347 3167 573 3239; x_wconf 87' lang='lat' dir='ltr'><strong>etiam</strong></span> <span class='ocrx_word' id='word_1_198' title='bbox 609 3166 867 3255; x_wconf 86' lang='lat' dir='ltr'><strong>obiter,</strong></span> <span class='ocrx_word' id='word_1_199' title='bbox 902 3166 1224 3239; x_wconf 88' lang='lat' dir='ltr'><strong>rationes</strong></span> <span class='ocrx_word' id='word_1_200' title='bbox 1259 3167 1745 3262; x_wconf 90' lang='lat' dir='ltr'><strong>componendi</strong></span> <span class='ocrx_word' id='word_1_201' title='bbox 1781 3168 2204 3242; x_wconf 89' lang='lat' dir='ltr'><strong>methodum</strong></span> <span class='ocrx_word' id='word_1_202' title='bbox 2230 3169 2424 3242; x_wconf 89' lang='lat' dir='ltr'><strong>hanc</strong></span> 
     </span>
     <span class='ocr_line' id='line_1_25' title="bbox 351 3280 2424 3356; baseline 0.001 -2"><span class='ocrx_word' id='word_1_203' title='bbox 351 3280 775 3354; x_wconf 85' lang='lat' dir='ltr'><strong>Clavianam</strong></span> <span class='ocrx_word' id='word_1_204' title='bbox 826 3302 982 3353; x_wconf 90' lang='lat' dir='ltr'><strong>esse</strong></span> <span class='ocrx_word' id='word_1_205' title='bbox 1016 3302 1261 3352; x_wconf 85' lang='lat' dir='ltr'><strong>veram</strong></span> <span class='ocrx_word' id='word_1_206' title='bbox 1310 3280 1677 3353; x_wconf 86' lang='lat' dir='ltr'><strong>rationum</strong></span> <span class='ocrx_word' id='word_1_207' title='bbox 1722 3280 2220 3355; x_wconf 88' lang='lat' dir='ltr'><strong>additionem:</strong></span> <span class='ocrx_word' id='word_1_208' title='bbox 2273 3307 2424 3356; x_wconf 90' lang='lat' dir='ltr'><strong>non</strong></span> 
     </span>
     <span class='ocr_line' id='line_1_26' title="bbox 349 3392 2025 3488; baseline 0.001 -21"><span class='ocrx_word' id='word_1_209' title='bbox 349 3406 620 3483; x_wconf 85' lang='lat' dir='ltr'><strong>autem,</strong></span> <span class='ocrx_word' id='word_1_210' title='bbox 655 3406 743 3466; x_wconf 89' lang='lat' dir='ltr'><strong>ut</strong></span> <span class='ocrx_word' id='word_1_211' title='bbox 776 3393 932 3466; x_wconf 86' lang='lat' dir='ltr'><strong>vult</strong></span> <span class='ocrx_word' id='word_1_212' title='bbox 969 3392 1286 3482; x_wconf 86' lang='lat' dir='ltr'><strong>Clavius,</strong></span> <span class='ocrx_word' id='word_1_213' title='bbox 1321 3392 2025 3488; x_wconf 89' lang='lat' dir='ltr'><strong>multiplicationem.</strong></span> 
     </span>
    </p>

    <p class='ocr_par' dir='ltr' id='par_1_5' title="bbox 350 3506 2428 4163">
     <span class='ocr_line' id='line_1_27' title="bbox 453 3506 2428 3605; baseline 0.001 -25"><span class='ocrx_word' id='word_1_214' title='bbox 453 3506 841 3581; x_wconf 76' lang='lat' dir='ltr'><strong>Quomodo</strong></span> <span class='ocrx_word' id='word_1_215' title='bbox 877 3517 1123 3579; x_wconf 85' lang='lat' dir='ltr'><strong>autem</strong></span> <span class='ocrx_word' id='word_1_216' title='bbox 1157 3506 1411 3579; x_wconf 88' lang='lat' dir='ltr'><strong>eadem</strong></span> <span class='ocrx_word' id='word_1_217' title='bbox 1447 3506 1873 3603; x_wconf 89' lang='lat' dir='ltr'><strong>propositio,</strong></span> <span class='ocrx_word' id='word_1_218' title='bbox 1909 3531 2195 3605; x_wconf 90' lang='lat' dir='ltr'><strong>nempe,</strong></span> <span class='ocrx_word' id='word_1_219' title='bbox 2236 3509 2428 3582; x_wconf 81' lang='lat' dir='ltr'><strong>rati-</strong></span> 
     </span>
     <span class='ocr_line' id='line_1_28' title="bbox 350 3618 2425 3716; baseline 0.001 -26"><span class='ocrx_word' id='word_1_220' title='bbox 350 3643 556 3691; x_wconf 82' lang='lat' dir='ltr'><strong>onem</strong></span> <span class='ocrx_word' id='word_1_221' title='bbox 576 3619 814 3716; x_wconf 79' lang='lat' dir='ltr'><strong>primi</strong></span> <span class='ocrx_word' id='word_1_222' title='bbox 838 3620 947 3692; x_wconf 82' lang='lat' dir='ltr'><strong>ad</strong></span> <span class='ocrx_word' id='word_1_223' title='bbox 974 3618 1347 3691; x_wconf 70' lang='lat' dir='ltr'><strong>ultimum*</strong></span> <span class='ocrx_word' id='word_1_224' title='bbox 1384 3618 1864 3716; x_wconf 69' lang='lat' dir='ltr'><strong>compositam</strong></span> <span class='ocrx_word' id='word_1_225' title='bbox 1887 3644 2052 3694; x_wconf 70' lang='lat' dir='ltr'><strong>esse</strong></span> <span class='ocrx_word' id='word_1_226' title='bbox 2075 3646 2168 3693; x_wconf 79' lang='lat' dir='ltr'><strong>ex</strong></span> <span class='ocrx_word' id='word_1_227' title='bbox 2187 3621 2425 3694; x_wconf 80' lang='lat' dir='ltr'><strong>ratio-</strong></span> 
     </span>
     <span class='ocr_line' id='line_1_29' title="bbox 350 3731 2424 3831; baseline 0.003 -28"><span class='ocrx_word' id='word_1_228' title='bbox 350 3731 562 3804; x_wconf 66' lang='lat' dir='ltr'><em>nibus</em></span> <span class='ocrx_word' id='word_1_229' title='bbox 610 3731 1091 3822; x_wconf 70' lang='lat' dir='ltr'><strong>intermediis,</strong></span> <span class='ocrx_word' id='word_1_230' title='bbox 1143 3732 1389 3805; x_wconf 92' lang='lat' dir='ltr'><strong>locum</strong></span> <span class='ocrx_word' id='word_1_231' title='bbox 1422 3733 1691 3807; x_wconf 89' lang='lat' dir='ltr'><strong>habeat</strong></span> <span class='ocrx_word' id='word_1_232' title='bbox 1726 3734 2020 3831; x_wconf 92' lang='lat' dir='ltr'><strong>quando</strong></span> <span class='ocrx_word' id='word_1_233' title='bbox 2054 3759 2202 3808; x_wconf 92' lang='lat' dir='ltr'><strong>una</strong></span> <span class='ocrx_word' id='word_1_234' title='bbox 2234 3736 2424 3809; x_wconf 87' lang='lat' dir='ltr'><strong>ratio</strong></span> 
     </span>
     <span class='ocr_line' id='line_1_30' title="bbox 353 3845 2424 3943; baseline 0.002 -26"><span class='ocrx_word' id='word_1_235' title='bbox 353 3855 463 3917; x_wconf 88' lang='lat' dir='ltr'><strong>est</strong></span> <span class='ocrx_word' id='word_1_236' title='bbox 520 3845 815 3940; x_wconf 86' lang='lat' dir='ltr'><strong>majoris</strong></span> <span class='ocrx_word' id='word_1_237' title='bbox 875 3845 969 3917; x_wconf 88' lang='lat' dir='ltr'><strong>ad</strong></span> <span class='ocrx_word' id='word_1_238' title='bbox 1028 3845 1292 3934; x_wconf 91' lang='lat' dir='ltr'><strong>minus,</strong></span> <span class='ocrx_word' id='word_1_239' title='bbox 1352 3846 1590 3919; x_wconf 83' lang='lat' dir='ltr'><strong>altera</strong></span> <span class='ocrx_word' id='word_1_240' title='bbox 1649 3847 1950 3920; x_wconf 90' lang='lat' dir='ltr'><strong>minoris</strong></span> <span class='ocrx_word' id='word_1_241' title='bbox 2009 3847 2106 3921; x_wconf 88' lang='lat' dir='ltr'><strong>ad</strong></span> <span class='ocrx_word' id='word_1_242' title='bbox 2163 3849 2424 3943; x_wconf 77' lang='lat' dir='ltr'><strong>majuS,</strong></span> 
     </span>
     <span class='ocr_line' id='line_1_31' title="bbox 353 3958 2426 4056; baseline 0.002 -27"><span class='ocrx_word' id='word_1_243' title='bbox 353 3958 646 4030; x_wconf 90' lang='lat' dir='ltr'><strong>difficile</strong></span> <span class='ocrx_word' id='word_1_244' title='bbox 697 3958 1064 4054; x_wconf 87' lang='lat' dir='ltr'><strong>explicatu</strong></span> <span class='ocrx_word' id='word_1_245' title='bbox 1117 3971 1253 4033; x_wconf 90' lang='lat' dir='ltr'><strong>est.</strong></span> <span class='ocrx_word' id='word_1_246' title='bbox 1390 3960 1556 4033; x_wconf 88' lang='lat' dir='ltr'><strong>Sint</strong></span> <span class='ocrx_word' id='word_1_247' title='bbox 1608 3961 1955 4033; x_wconf 90' lang='lat' dir='ltr'><strong>continue</strong></span> <span class='ocrx_word' id='word_1_248' title='bbox 2009 3961 2426 4056; x_wconf 87' lang='lat' dir='ltr'><strong>proportio-</strong></span> 
     </span>
     <span class='ocr_line' id='line_1_32' title="bbox 351 4070 2422 4163; baseline 0.002 -19"><span class='ocrx_word' id='word_1_249' title='bbox 351 4070 555 4144; x_wconf 89' lang='lat' dir='ltr'><strong>nales</strong></span> <span class='ocrx_word' id='word_1_250' title='bbox 589 4079 985 4160; x_wconf 88' lang='lat'><strong>1,10‚100:</strong></span> <span class='ocrx_word' id='word_1_251' title='bbox 1023 4073 1152 4146; x_wconf 91' lang='lat' dir='ltr'><strong>sed</strong></span> <span class='ocrx_word' id='word_1_252' title='bbox 1173 4073 1316 4146; x_wconf 87' lang='lat' dir='ltr'><strong>alio</strong></span> <span class='ocrx_word' id='word_1_253' title='bbox 1340 4073 1598 4147; x_wconf 89' lang='lat' dir='ltr'><strong>ordine</strong></span> <span class='ocrx_word' id='word_1_254' title='bbox 1621 4074 2024 4162; x_wconf 77' lang='lat' dir='ltr'><strong>collocatae,</strong></span> <span class='ocrx_word' id='word_1_255' title='bbox 2046 4086 2130 4147; x_wconf 90' lang='lat' dir='ltr'><strong>ut</strong></span> <span class='ocrx_word' id='word_1_256' title='bbox 2168 4083 2227 4161; x_wconf 91' lang='lat' dir='ltr'><strong>l,</strong></span> <span class='ocrx_word' id='word_1_257' title='bbox 2259 4082 2422 4163; x_wconf 89' lang='grc'>100,</span> 
     </span>
    </p>
   </div>
   <div class='ocr_carea' id='block_1_3' title="bbox 363 4184 2424 4282">
    <p class='ocr_par' dir='ltr' id='par_1_6' title="bbox 363 4184 2424 4282">
     <span class='ocr_line' id='line_1_33' title="bbox 363 4184 2424 4282; baseline 0.002 -28"><span class='ocrx_word' id='word_1_258' title='bbox 363 4191 474 4257; x_wconf 92' lang='grc'><strong>10.</strong></span> <span class='ocrx_word' id='word_1_259' title='bbox 579 4184 764 4257; x_wconf 90' lang='lat' dir='ltr'><strong>Cum</strong></span> <span class='ocrx_word' id='word_1_260' title='bbox 800 4208 974 4281; x_wconf 83' lang='lat' dir='ltr'><strong>ergo</strong></span> <span class='ocrx_word' id='word_1_261' title='bbox 1009 4210 1141 4281; x_wconf 88' lang='lat' dir='ltr'><strong>per</strong></span> <span class='ocrx_word' id='word_1_262' title='bbox 1178 4187 1753 4282; x_wconf 86' lang='lat' dir='ltr'><strong>propositionem</strong></span> <span class='ocrx_word' id='word_1_263' title='bbox 1805 4186 2002 4259; x_wconf 85' lang='lat' dir='ltr'><strong>illam</strong></span> <span class='ocrx_word' id='word_1_264' title='bbox 2052 4187 2424 4260; x_wconf 89' lang='lat' dir='ltr'><strong>universa-</strong></span> 
     </span>
    </p>
   </div>
   <div class='ocr_carea' id='block_1_4' title="bbox 550 4424 2226 4593">
    <p class='ocr_par' dir='ltr' id='par_1_7' title="bbox 550 4424 2226 4593">
     <span class='ocr_line' id='line_1_34' title="bbox 1130 4424 1678 4485; baseline -0.002 -1"><span class='ocrx_word' id='word_1_265' title='bbox 1130 4426 1164 4461; x_wconf 68' lang='lat'><em>*</em></span> <span class='ocrx_word' id='word_1_266' title='bbox 1210 4424 1307 4484; x_wconf 90' lang='lat' dir='ltr'><strong>Sic</strong></span> <span class='ocrx_word' id='word_1_267' title='bbox 1334 4426 1469 4485; x_wconf 88' lang='lat' dir='ltr'><strong>edit.</strong></span> <span class='ocrx_word' id='word_1_268' title='bbox 1509 4428 1678 4484; x_wconf 88' lang='lat'><strong>1668.</strong></span> 
     </span>
     <span class='ocr_line' id='line_1_35' title="bbox 550 4540 2226 4593; baseline 0.001 -3"><span class='ocrx_word' id='word_1_269' title='bbox 550 4540 733 4591; x_wconf 88' lang='lat' dir='ltr'><strong>VOL.</strong></span> <span class='ocrx_word' id='word_1_270' title='bbox 779 4543 888 4593; x_wconf 83' lang='lat' dir='ltr'><strong>IV.</strong></span> <span class='ocrx_word' id='word_1_271' title='bbox 2115 4542 2156 4591; x_wconf 87' lang='lat' dir='ltr'>F</span> <span class='ocrx_word' id='word_1_272' title='bbox 2182 4543 2226 4593; x_wconf 80' lang='lat' dir='ltr'>F</span> 
     </span>
    </p>
   </div>
  </div>
 </body>
</html>
