<?xml version="1.0" encoding="UTF-8"?>
<!DOCTYPE html PUBLIC "-//W3C//DTD XHTML 1.0 Transitional//EN"
    "http://www.w3.org/TR/xhtml1/DTD/xhtml1-transitional.dtd">
<html xmlns="http://www.w3.org/1999/xhtml" xml:lang="en" lang="en">
 <head>
  <title>
</title>
<meta http-equiv="Content-Type" content="text/html;charset=utf-8" />
  <meta name='ocr-system' content='tesseract 3.04.00' />
  <meta name='ocr-capabilities' content='ocr_page ocr_carea ocr_par ocr_line ocrx_word'/>
</head>
<body>
  <div class='ocr_page' id='page_1' title='image "./thomhobbesmalme02molegoog_0424.png"; bbox 0 0 3094 5125; ppageno 0'>
   <div class='ocr_carea' id='block_1_1' title="bbox 324 630 552 673">
    <p class='ocr_par' dir='ltr' id='par_1_1' title="bbox 324 630 552 673">
     <span class='ocr_line' id='line_1_1' title="bbox 324 630 552 673; baseline 0.004 -2"><span class='ocrx_word' id='word_1_1' title='bbox 324 630 459 673; x_wconf 75' lang='lat' dir='ltr'>CAP.</span> <span class='ocrx_word' id='word_1_2' title='bbox 489 632 552 672; x_wconf 79' lang='lat' dir='ltr'>X..</span> 
     </span>
    </p>
   </div>
   <div class='ocr_carea' id='block_1_2' title="bbox 292 758 586 881">
    <p class='ocr_par' dir='ltr' id='par_1_2' title="bbox 292 758 586 881">
     <span class='ocr_line' id='line_1_2' title="bbox 295 758 586 816; baseline 0.003 -14"><span class='ocrx_word' id='word_1_3' title='bbox 295 758 363 802; x_wconf 71' lang='lat' dir='ltr'>De</span> <span class='ocrx_word' id='word_1_4' title='bbox 381 759 586 816; x_wconf 74' lang='lat' dir='ltr'>petitione</span> 
     </span>
     <span class='ocr_line' id='line_1_3' title="bbox 292 825 546 881; baseline 0.008 -15"><span class='ocrx_word' id='word_1_5' title='bbox 292 825 448 881; x_wconf 80' lang='lat' dir='ltr'>prima,</span> <span class='ocrx_word' id='word_1_6' title='bbox 465 829 546 868; x_wconf 71' lang='lat' dir='ltr'>etc.</span> 
     </span>
    </p>
   </div>
   <div class='ocr_carea' id='block_1_3' title="bbox 658 424 2451 493">
    <p class='ocr_par' dir='ltr' id='par_1_3' title="bbox 658 424 2451 493">
     <span class='ocr_line' id='line_1_4' title="bbox 658 424 2451 493; baseline -0.001 -4"><span class='ocrx_word' id='word_1_7' title='bbox 658 424 803 491; x_wconf 83' lang='grc'>412</span> <span class='ocrx_word' id='word_1_8' title='bbox 935 440 1042 492; x_wconf 74' lang='lat' dir='ltr'>nn</span> <span class='ocrx_word' id='word_1_9' title='bbox 1082 439 1543 492; x_wconf 74' lang='lat' dir='ltr'>ancu’ns</span> <span class='ocrx_word' id='word_1_10' title='bbox 1584 440 1687 493; x_wconf 82' lang='lat' dir='ltr'>ET</span> <span class='ocrx_word' id='word_1_11' title='bbox 1724 437 2451 492; x_wconf 72' lang='lat' dir='ltr'>RArtoomAnoNu</span> 
     </span>
    </p>
   </div>
   <div class='ocr_carea' id='block_1_4' title="bbox 644 601 2746 4436">
    <p class='ocr_par' dir='ltr' id='par_1_4' title="bbox 644 601 2746 2963">
     <span class='ocr_line' id='line_1_5' title="bbox 660 601 2746 704; baseline -0.001 -27"><span class='ocrx_word' id='word_1_12' title='bbox 660 605 1156 691; x_wconf 88' lang='lat' dir='ltr'>militudines;</span> <span class='ocrx_word' id='word_1_13' title='bbox 1210 630 1520 704; x_wconf 89' lang='lat' dir='ltr'>cumque</span> <span class='ocrx_word' id='word_1_14' title='bbox 1580 606 1938 702; x_wconf 87' lang='lat' dir='ltr'>principia</span> <span class='ocrx_word' id='word_1_15' title='bbox 1986 602 2538 678; x_wconf 87' lang='lat' dir='ltr'>demonstrandi</span> <span class='ocrx_word' id='word_1_16' title='bbox 2589 601 2746 675; x_wconf 87' lang='lat' dir='ltr'>sint</span> 
     </span>
     <span class='ocr_line' id='line_1_6' title="bbox 663 714 2744 817; baseline -0.002 -27"><span class='ocrx_word' id='word_1_17' title='bbox 663 718 1174 793; x_wconf 87' lang='lat' dir='ltr'>definitiones:</span> <span class='ocrx_word' id='word_1_18' title='bbox 1213 719 1579 817; x_wconf 90' lang='lat' dir='ltr'>quomodo</span> <span class='ocrx_word' id='word_1_19' title='bbox 1616 719 1950 793; x_wconf 88' lang='lat' dir='ltr'>excusari</span> <span class='ocrx_word' id='word_1_20' title='bbox 1974 730 2286 815; x_wconf 88' lang='lat' dir='ltr'>possunt</span> <span class='ocrx_word' id='word_1_21' title='bbox 2319 714 2744 813; x_wconf 70' lang='lat' dir='ltr'>geometriae</span> 
     </span>
     <span class='ocr_line' id='line_1_7' title="bbox 659 828 2737 930; baseline -0.002 -27"><span class='ocrx_word' id='word_1_22' title='bbox 659 833 1012 928; x_wconf 85' lang='lat' dir='ltr'>magistri,</span> <span class='ocrx_word' id='word_1_23' title='bbox 1048 834 1173 930; x_wconf 91' lang='lat' dir='ltr'>qui</span> <span class='ocrx_word' id='word_1_24' title='bbox 1206 844 1415 906; x_wconf 88' lang='lat' dir='ltr'>tanto</span> <span class='ocrx_word' id='word_1_25' title='bbox 1450 833 1612 906; x_wconf 90' lang='lat' dir='ltr'>aliis</span> <span class='ocrx_word' id='word_1_26' title='bbox 1648 832 2136 906; x_wconf 81' lang='lat' dir='ltr'>accuratiores</span> <span class='ocrx_word' id='word_1_27' title='bbox 2169 830 2426 904; x_wconf 90' lang='lat' dir='ltr'>haberi</span> <span class='ocrx_word' id='word_1_28' title='bbox 2456 828 2737 916; x_wconf 87' lang='lat' dir='ltr'>volunt,</span> 
     </span>
     <span class='ocr_line' id='line_1_8' title="bbox 658 945 2737 1043; baseline -0.002 -25"><span class='ocrx_word' id='word_1_29' title='bbox 658 945 857 1040; x_wconf 92' lang='lat' dir='ltr'>quod</span> <span class='ocrx_word' id='word_1_30' title='bbox 906 969 1265 1042; x_wconf 86' lang='lat' dir='ltr'>nusquam</span> <span class='ocrx_word' id='word_1_31' title='bbox 1317 970 1554 1043; x_wconf 90' lang='lat' dir='ltr'>neque</span> <span class='ocrx_word' id='word_1_32' title='bbox 1608 945 2116 1042; x_wconf 85' lang='lat' dir='ltr'>quantitatem,</span> <span class='ocrx_word' id='word_1_33' title='bbox 2168 966 2411 1039; x_wconf 89' lang='lat' dir='ltr'>neque</span> <span class='ocrx_word' id='word_1_34' title='bbox 2443 965 2737 1015; x_wconf 89' lang='lat' dir='ltr'>mensu-</span> 
     </span>
     <span class='ocr_line' id='line_1_9' title="bbox 656 1054 2734 1155; baseline -0.002 -25"><span class='ocrx_word' id='word_1_35' title='bbox 656 1083 838 1144; x_wconf 91' lang='lat' dir='ltr'>ram,</span> <span class='ocrx_word' id='word_1_36' title='bbox 861 1082 1096 1155; x_wconf 90' lang='lat' dir='ltr'>neque</span> <span class='ocrx_word' id='word_1_37' title='bbox 1132 1058 1679 1132; x_wconf 88' lang='lat' dir='ltr'>similitudinem</span> <span class='ocrx_word' id='word_1_38' title='bbox 1715 1057 2198 1130; x_wconf 85' lang='lat' dir='ltr'>definierunt:</span> <span class='ocrx_word' id='word_1_39' title='bbox 2233 1079 2471 1152; x_wconf 86' lang='lat' dir='ltr'>neque</span> <span class='ocrx_word' id='word_1_40' title='bbox 2503 1054 2734 1149; x_wconf 85' lang='lat' dir='ltr'>ipsam</span> 
     </span>
     <span class='ocr_line' id='line_1_10' title="bbox 655 1169 2731 1266; baseline -0.002 -23"><span class='ocrx_word' id='word_1_41' title='bbox 655 1172 1311 1266; x_wconf 89' lang='lat' dir='ltr'>geometriam‚cui,</span> <span class='ocrx_word' id='word_1_42' title='bbox 1335 1184 1417 1244; x_wconf 91' lang='lat' dir='ltr'>ut</span> <span class='ocrx_word' id='word_1_43' title='bbox 1439 1171 1752 1259; x_wconf 88' lang='lat' dir='ltr'>videtur,</span> <span class='ocrx_word' id='word_1_44' title='bbox 1772 1169 2066 1243; x_wconf 90' lang='lat' dir='ltr'>studere</span> <span class='ocrx_word' id='word_1_45' title='bbox 2092 1169 2425 1242; x_wconf 90' lang='lat' dir='ltr'>homines</span> <span class='ocrx_word' id='word_1_46' title='bbox 2451 1192 2731 1264; x_wconf 81' lang='lat' dir='ltr'>aequum</span> 
     </span>
     <span class='ocr_line' id='line_1_11' title="bbox 657 1280 2729 1381; baseline -0.001 -26"><span class='ocrx_word' id='word_1_47' title='bbox 657 1308 814 1356; x_wconf 87' lang='lat' dir='ltr'>esse</span> <span class='ocrx_word' id='word_1_48' title='bbox 874 1284 1496 1368; x_wconf 84' lang='lat' dir='ltr'>existimaverunt,</span> <span class='ocrx_word' id='word_1_49' title='bbox 1532 1301 1926 1381; x_wconf 90' lang='lat' dir='ltr'>antequam</span> <span class='ocrx_word' id='word_1_50' title='bbox 1977 1285 2249 1356; x_wconf 89' lang='lat' dir='ltr'>scirent</span> <span class='ocrx_word' id='word_1_51' title='bbox 2302 1283 2426 1356; x_wconf 86' lang='lat' dir='ltr'>cui</span> <span class='ocrx_word' id='word_1_52' title='bbox 2484 1280 2658 1352; x_wconf 81' lang='lat' dir='ltr'>bono</span> <span class='ocrx_word' id='word_1_53' title='bbox 2683 1284 2729 1353; x_wconf 62' lang='lat'><em>3</em></span> 
     </span>
     <span class='ocr_line' id='line_1_12' title="bbox 657 1397 2729 1492; baseline -0.002 -22"><span class='ocrx_word' id='word_1_54' title='bbox 657 1398 1144 1471; x_wconf 89' lang='lat' dir='ltr'>Geometriam</span> <span class='ocrx_word' id='word_1_55' title='bbox 1182 1412 1382 1471; x_wconf 88' lang='lat' dir='ltr'>recte</span> <span class='ocrx_word' id='word_1_56' title='bbox 1417 1397 1724 1470; x_wconf 89' lang='lat' dir='ltr'>definias</span> <span class='ocrx_word' id='word_1_57' title='bbox 1777 1421 1958 1484; x_wconf 90' lang='lat' dir='ltr'>esse,</span> <span class='ocrx_word' id='word_1_58' title='bbox 2005 1397 2395 1469; x_wconf 71' lang='lat' dir='ltr'>scientiam</span> <span class='ocrx_word' id='word_1_59' title='bbox 2444 1419 2590 1492; x_wconf 84' lang='lat' dir='ltr'>qua</span> <span class='ocrx_word' id='word_1_60' title='bbox 2638 1419 2729 1466; x_wconf 73' lang='lat' dir='ltr'>ex</span> 
     </span>
     <span class='ocr_line' id='line_1_13' title="bbox 658 1508 2727 1608; baseline -0.001 -27"><span class='ocrx_word' id='word_1_61' title='bbox 658 1510 914 1608; x_wconf 84' lang='lat' dir='ltr'>aliqua</span> <span class='ocrx_word' id='word_1_62' title='bbox 981 1511 1099 1584; x_wconf 89' lang='lat' dir='ltr'>vel</span> <span class='ocrx_word' id='word_1_63' title='bbox 1154 1509 1526 1608; x_wconf 73' lang='lat' dir='ltr'>aliquibus</span> <span class='ocrx_word' id='word_1_64' title='bbox 1578 1509 2214 1607; x_wconf 75' lang='lat' dir='ltr'>magnitudinibus</span> <span class='ocrx_word' id='word_1_65' title='bbox 2266 1508 2727 1594; x_wconf 66' lang='lat' dir='ltr'>mensuratis,</span> 
     </span>
     <span class='ocr_line' id='line_1_14' title="bbox 658 1622 2726 1721; baseline -0 -29"><span class='ocrx_word' id='word_1_66' title='bbox 658 1623 1162 1721; x_wconf 70' lang='lat' dir='ltr'>cognoscimus</span> <span class='ocrx_word' id='word_1_67' title='bbox 1190 1648 1340 1719; x_wconf 81' lang='lat' dir='ltr'>per</span> <span class='ocrx_word' id='word_1_68' title='bbox 1371 1622 2007 1695; x_wconf 78' lang='lat' dir='ltr'>ratiocinationem</span> <span class='ocrx_word' id='word_1_69' title='bbox 2042 1622 2243 1695; x_wconf 71' lang='lat' dir='ltr'>alias</span> <span class='ocrx_word' id='word_1_70' title='bbox 2276 1646 2416 1694; x_wconf 88' lang='lat' dir='ltr'>non</span> <span class='ocrx_word' id='word_1_71' title='bbox 2451 1645 2726 1693; x_wconf 73' lang='lat' dir='ltr'>meneu-</span> 
     </span>
     <span class='ocr_line' id='line_1_15' title="bbox 658 1731 2735 1830; baseline -0.002 -22"><span class='ocrx_word' id='word_1_72' title='bbox 658 1746 867 1808; x_wconf 72' lang='lat' dir='ltr'>ratae</span> <span class='ocrx_word' id='word_1_73' title='bbox 894 1764 920 1807; x_wconf 91' lang='lat'>.·</span> <span class='ocrx_word' id='word_1_74' title='bbox 983 1759 1398 1809; x_wconf 89' lang='lat' dir='ltr'>mensuram</span> <span class='ocrx_word' id='word_1_75' title='bbox 1458 1748 1707 1808; x_wconf 90' lang='lat' dir='ltr'>autem</span> <span class='ocrx_word' id='word_1_76' title='bbox 1759 1759 1940 1825; x_wconf 85' lang='lat' dir='ltr'>esse,</span> <span class='ocrx_word' id='word_1_77' title='bbox 1993 1734 2386 1808; x_wconf 83' lang='lat' dir='ltr'>materiale</span> <span class='ocrx_word' id='word_1_78' title='bbox 2452 1731 2735 1830; x_wconf 81' lang='lat' dir='ltr'>aliquid</span> 
     </span>
     <span class='ocr_line' id='line_1_16' title="bbox 658 1845 2734 1949; baseline -0.002 -26"><span class='ocrx_word' id='word_1_79' title='bbox 658 1850 861 1947; x_wconf 84' lang='lat' dir='ltr'>quod</span> <span class='ocrx_word' id='word_1_80' title='bbox 905 1850 1202 1923; x_wconf 77' lang='lat' dir='ltr'>habenti</span> <span class='ocrx_word' id='word_1_81' title='bbox 1257 1850 1839 1949; x_wconf 79' lang='lat' dir='ltr'>magnitudinem</span> <span class='ocrx_word' id='word_1_82' title='bbox 1875 1848 2332 1947; x_wconf 80' lang='lat' dir='ltr'>applicatum</span> <span class='ocrx_word' id='word_1_83' title='bbox 2367 1846 2592 1920; x_wconf 69' lang='lat' dir='ltr'>semel</span> <span class='ocrx_word' id='word_1_84' title='bbox 2618 1845 2734 1919; x_wconf 83' lang='lat' dir='ltr'>vel</span> 
     </span>
     <span class='ocr_line' id='line_1_17' title="bbox 644 1963 2728 2061; baseline -0.002 -25"><span class='ocrx_word' id='word_1_85' title='bbox 644 1963 964 2061; x_wconf 67' lang='lat' dir='ltr'>pluries,</span> <span class='ocrx_word' id='word_1_86' title='bbox 1000 1964 1240 2061; x_wconf 73' lang='lat' dir='ltr'>ipsam</span> <span class='ocrx_word' id='word_1_87' title='bbox 1275 1974 1519 2061; x_wconf 82' lang='lat' dir='ltr'>oequat</span> <span class='ocrx_word' id='word_1_88' title='bbox 1541 1991 1572 2047; x_wconf 90' lang='lat'><em>;</em></span> <span class='ocrx_word' id='word_1_89' title='bbox 1623 1963 1952 2036; x_wconf 92' lang='lat' dir='ltr'>videmus</span> <span class='ocrx_word' id='word_1_90' title='bbox 2007 1964 2200 2036; x_wconf 91' lang='lat' dir='ltr'>enim</span> <span class='ocrx_word' id='word_1_91' title='bbox 2251 1964 2480 2036; x_wconf 89' lang='lat' dir='ltr'>lineas</span> <span class='ocrx_word' id='word_1_92' title='bbox 2531 1984 2728 2033; x_wconf 92' lang='lat' dir='ltr'>men-</span> 
     </span>
     <span class='ocr_line' id='line_1_18' title="bbox 657 2075 2727 2173; baseline -0.001 -24"><span class='ocrx_word' id='word_1_93' title='bbox 657 2078 892 2150; x_wconf 88' lang='lat' dir='ltr'>surari</span> <span class='ocrx_word' id='word_1_94' title='bbox 924 2077 1135 2172; x_wconf 89' lang='lat' dir='ltr'>pede,</span> <span class='ocrx_word' id='word_1_95' title='bbox 1170 2078 1496 2166; x_wconf 89' lang='lat' dir='ltr'>brachio,</span> <span class='ocrx_word' id='word_1_96' title='bbox 1533 2090 1702 2164; x_wconf 69' lang='lat' dir='ltr'>etc„</span> <span class='ocrx_word' id='word_1_97' title='bbox 1738 2076 1958 2172; x_wconf 89' lang='lat' dir='ltr'>plana</span> <span class='ocrx_word' id='word_1_98' title='bbox 2009 2077 2271 2173; x_wconf 81' lang='lat' dir='ltr'>planiS,</span> <span class='ocrx_word' id='word_1_99' title='bbox 2328 2075 2561 2150; x_wconf 90' lang='lat' dir='ltr'>solida</span> <span class='ocrx_word' id='word_1_100' title='bbox 2613 2099 2727 2147; x_wconf 89' lang='lat' dir='ltr'>so-</span> 
     </span>
     <span class='ocr_line' id='line_1_19' title="bbox 657 2188 2729 2288; baseline -0 -27"><span class='ocrx_word' id='word_1_101' title='bbox 657 2188 847 2280; x_wconf 92' lang='lat' dir='ltr'>lidis,</span> <span class='ocrx_word' id='word_1_102' title='bbox 893 2191 1120 2264; x_wconf 89' lang='lat' dir='ltr'>fluida</span> <span class='ocrx_word' id='word_1_103' title='bbox 1152 2192 1445 2264; x_wconf 89' lang='lat' dir='ltr'>vasibus</span> <span class='ocrx_word' id='word_1_104' title='bbox 1500 2215 1631 2264; x_wconf 94' lang='lat' dir='ltr'>seu</span> <span class='ocrx_word' id='word_1_105' title='bbox 1689 2192 1869 2264; x_wconf 90' lang='lat' dir='ltr'>locis</span> <span class='ocrx_word' id='word_1_106' title='bbox 1923 2191 2293 2288; x_wconf 83' lang='lat' dir='ltr'>congruis.</span> <span class='ocrx_word' id='word_1_107' title='bbox 2397 2189 2729 2286; x_wconf 91' lang='lat' dir='ltr'>AEqualia</span> 
     </span>
     <span class='ocr_line' id='line_1_20' title="bbox 655 2304 2727 2403; baseline -0.003 -25"><span class='ocrx_word' id='word_1_108' title='bbox 655 2317 900 2379; x_wconf 90' lang='lat' dir='ltr'>autem</span> <span class='ocrx_word' id='word_1_109' title='bbox 937 2329 1095 2378; x_wconf 86' lang='lat' dir='ltr'>esse</span> <span class='ocrx_word' id='word_1_110' title='bbox 1131 2306 1355 2393; x_wconf 87' lang='lat' dir='ltr'>dices,</span> <span class='ocrx_word' id='word_1_111' title='bbox 1396 2330 1550 2401; x_wconf 67' lang='lat' dir='ltr'>quse</span> <span class='ocrx_word' id='word_1_112' title='bbox 1596 2304 1828 2377; x_wconf 88' lang='lat' dir='ltr'>eidem</span> <span class='ocrx_word' id='word_1_113' title='bbox 1884 2304 2043 2377; x_wconf 86' lang='lat' dir='ltr'>loco</span> <span class='ocrx_word' id='word_1_114' title='bbox 2096 2328 2506 2403; x_wconf 81' lang='lat' dir='ltr'>congruere</span> <span class='ocrx_word' id='word_1_115' title='bbox 2550 2325 2727 2399; x_wconf 74' lang='lat' dir='ltr'>pos-</span> 
     </span>
     <span class='ocr_line' id='line_1_21' title="bbox 656 2415 2729 2516; baseline 0 -29"><span class='ocrx_word' id='word_1_116' title='bbox 656 2427 867 2490; x_wconf 73' lang='lat' dir='ltr'>sunt:</span> <span class='ocrx_word' id='word_1_117' title='bbox 897 2417 1179 2503; x_wconf 88' lang='lat' dir='ltr'>similia,</span> <span class='ocrx_word' id='word_1_118' title='bbox 1203 2442 1359 2512; x_wconf 80' lang='lat' dir='ltr'>quoe</span> <span class='ocrx_word' id='word_1_119' title='bbox 1379 2415 1539 2487; x_wconf 74' lang='lat' dir='ltr'>sola</span> <span class='ocrx_word' id='word_1_120' title='bbox 1562 2416 1914 2511; x_wconf 60' lang='lat' dir='ltr'>differunt</span> <span class='ocrx_word' id='word_1_121' title='bbox 1937 2417 2485 2516; x_wconf 84' lang='lat' dir='ltr'>magnitudine:</span> <span class='ocrx_word' id='word_1_122' title='bbox 2507 2440 2729 2511; x_wconf 89' lang='lat' dir='ltr'>quan-</span> 
     </span>
     <span class='ocr_line' id='line_1_22' title="bbox 660 2527 2728 2626; baseline -0.001 -24"><span class='ocrx_word' id='word_1_123' title='bbox 660 2530 947 2603; x_wconf 89' lang='lat' dir='ltr'>titatem</span> <span class='ocrx_word' id='word_1_124' title='bbox 997 2528 1308 2625; x_wconf 90' lang='lat' dir='ltr'>denique</span> <span class='ocrx_word' id='word_1_125' title='bbox 1363 2527 1942 2626; x_wconf 83' lang='lat' dir='ltr'>magnitudinem</span> <span class='ocrx_word' id='word_1_126' title='bbox 1991 2529 2398 2625; x_wconf 64' lang='lat' dir='ltr'>definitam,</span> <span class='ocrx_word' id='word_1_127' title='bbox 2444 2550 2728 2624; x_wconf 85' lang='lat' dir='ltr'>nempe,</span> 
     </span>
     <span class='ocr_line' id='line_1_23' title="bbox 657 2641 2728 2740; baseline 0 -26"><span class='ocrx_word' id='word_1_128' title='bbox 657 2641 1108 2738; x_wconf 84' lang='lat' dir='ltr'>expositione</span> <span class='ocrx_word' id='word_1_129' title='bbox 1142 2654 1272 2714; x_wconf 90' lang='lat' dir='ltr'>aut</span> <span class='ocrx_word' id='word_1_130' title='bbox 1299 2642 1841 2738; x_wconf 90' lang='lat' dir='ltr'>comparatione</span> <span class='ocrx_word' id='word_1_131' title='bbox 1868 2667 2035 2716; x_wconf 91' lang='lat' dir='ltr'>cum</span> <span class='ocrx_word' id='word_1_132' title='bbox 2058 2644 2203 2717; x_wconf 90' lang='lat' dir='ltr'>alia</span> <span class='ocrx_word' id='word_1_133' title='bbox 2229 2642 2728 2740; x_wconf 86' lang='lat' dir='ltr'>magnitudine</span> 
     </span>
     <span class='ocr_line' id='line_1_24' title="bbox 658 2752 2727 2852; baseline 0 -25"><span class='ocrx_word' id='word_1_134' title='bbox 658 2754 977 2849; x_wconf 88' lang='lat' dir='ltr'>cognita.</span> <span class='ocrx_word' id='word_1_135' title='bbox 1083 2752 1265 2827; x_wconf 78' lang='lat' dir='ltr'>Quae</span> <span class='ocrx_word' id='word_1_136' title='bbox 1299 2752 1759 2828; x_wconf 84' lang='lat' dir='ltr'>definitiones</span> <span class='ocrx_word' id='word_1_137' title='bbox 1793 2768 1869 2828; x_wconf 90' lang='lat' dir='ltr'>et</span> <span class='ocrx_word' id='word_1_138' title='bbox 1901 2755 2151 2830; x_wconf 85' lang='lat' dir='ltr'>faciles</span> <span class='ocrx_word' id='word_1_139' title='bbox 2187 2768 2379 2845; x_wconf 88' lang='lat' dir='ltr'>sunt,</span> <span class='ocrx_word' id='word_1_140' title='bbox 2418 2766 2493 2828; x_wconf 92' lang='lat' dir='ltr'>et</span> <span class='ocrx_word' id='word_1_141' title='bbox 2527 2755 2727 2852; x_wconf 89' lang='lat' dir='ltr'>prin-</span> 
     </span>
     <span class='ocr_line' id='line_1_25' title="bbox 656 2866 1454 2963; baseline 0 -23"><span class='ocrx_word' id='word_1_142' title='bbox 656 2867 849 2963; x_wconf 90' lang='lat' dir='ltr'>cipia</span> <span class='ocrx_word' id='word_1_143' title='bbox 882 2866 1454 2940; x_wconf 84' lang='lat' dir='ltr'>demonstrandi.</span> 
     </span>
    </p>

    <p class='ocr_par' dir='ltr' id='par_1_5' title="bbox 651 2980 2730 4436">
     <span class='ocr_line' id='line_1_26' title="bbox 758 2980 2728 3079; baseline 0 -25"><span class='ocrx_word' id='word_1_144' title='bbox 758 2980 1069 3070; x_wconf 80' lang='lat' dir='ltr'>ClaviuS,</span> <span class='ocrx_word' id='word_1_145' title='bbox 1107 2982 1203 3055; x_wconf 92' lang='lat' dir='ltr'>ad</span> <span class='ocrx_word' id='word_1_146' title='bbox 1253 3006 1466 3078; x_wconf 88' lang='lat' dir='ltr'>prop.</span> <span class='ocrx_word' id='word_1_147' title='bbox 1504 2990 1626 3054; x_wconf 87' lang='grc'>22.</span> <span class='ocrx_word' id='word_1_148' title='bbox 1675 2982 1891 3079; x_wconf 89' lang='lat' dir='ltr'>hujus</span> <span class='ocrx_word' id='word_1_149' title='bbox 1926 2982 2291 3055; x_wconf 86' lang='lat' dir='ltr'>Elementi</span> <span class='ocrx_word' id='word_1_150' title='bbox 2339 2983 2563 3071; x_wconf 86' lang='lat' dir='ltr'>tertii,</span> <span class='ocrx_word' id='word_1_151' title='bbox 2601 2981 2728 3055; x_wconf 90' lang='lat' dir='ltr'>de-</span> 
     </span>
     <span class='ocr_line' id='line_1_27' title="bbox 654 3094 2726 3193; baseline 0 -27"><span class='ocrx_word' id='word_1_152' title='bbox 654 3106 1038 3184; x_wconf 89' lang='lat' dir='ltr'>monstrat,</span> <span class='ocrx_word' id='word_1_153' title='bbox 1073 3095 1268 3193; x_wconf 91' lang='lat' dir='ltr'>quod</span> <span class='ocrx_word' id='word_1_154' title='bbox 1302 3095 1372 3168; x_wconf 68' lang='lat' dir='ltr'>si</span> <span class='ocrx_word' id='word_1_155' title='bbox 1408 3094 1552 3168; x_wconf 87' lang='lat' dir='ltr'>duo</span> <span class='ocrx_word' id='word_1_156' title='bbox 1588 3105 1718 3168; x_wconf 87' lang='lat' dir='ltr'>aut</span> <span class='ocrx_word' id='word_1_157' title='bbox 1754 3095 2028 3193; x_wconf 73' lang='lat' dir='ltr'>plures</span> <span class='ocrx_word' id='word_1_158' title='bbox 2062 3096 2333 3170; x_wconf 85' lang='lat' dir='ltr'>circuli</span> <span class='ocrx_word' id='word_1_159' title='bbox 2365 3121 2449 3169; x_wconf 72' lang='lat' dir='ltr'>se</span> <span class='ocrx_word' id='word_1_160' title='bbox 2482 3106 2726 3168; x_wconf 82' lang='lat' dir='ltr'>mutuo</span> 
     </span>
     <span class='ocr_line' id='line_1_28' title="bbox 655 3208 2727 3306; baseline 0.001 -28"><span class='ocrx_word' id='word_1_161' title='bbox 655 3217 976 3304; x_wconf 84' lang='lat' dir='ltr'>tangant</span> <span class='ocrx_word' id='word_1_162' title='bbox 1004 3208 1308 3281; x_wconf 70' lang='lat' dir='ltr'>interius</span> <span class='ocrx_word' id='word_1_163' title='bbox 1344 3208 1419 3280; x_wconf 86' lang='lat' dir='ltr'>in</span> <span class='ocrx_word' id='word_1_164' title='bbox 1457 3231 1597 3281; x_wconf 86' lang='lat' dir='ltr'>uno</span> <span class='ocrx_word' id='word_1_165' title='bbox 1618 3217 1924 3304; x_wconf 75' lang='lat' dir='ltr'>puncta,</span> <span class='ocrx_word' id='word_1_166' title='bbox 1961 3234 2009 3281; x_wconf 90' lang='lat' dir='ltr'>a</span> <span class='ocrx_word' id='word_1_167' title='bbox 2039 3232 2173 3305; x_wconf 86' lang='lat' dir='ltr'>quo</span> <span class='ocrx_word' id='word_1_168' title='bbox 2212 3209 2375 3281; x_wconf 78' lang='lat' dir='ltr'>duce</span> <span class='ocrx_word' id='word_1_169' title='bbox 2403 3219 2533 3282; x_wconf 88' lang='lat' dir='ltr'>aut</span> <span class='ocrx_word' id='word_1_170' title='bbox 2554 3208 2727 3306; x_wconf 80' lang='lat' dir='ltr'>plu-</span> 
     </span>
     <span class='ocr_line' id='line_1_29' title="bbox 653 3321 2730 3419; baseline 0.001 -29"><span class='ocrx_word' id='word_1_171' title='bbox 653 3342 777 3391; x_wconf 73' lang='lat' dir='ltr'>res</span> <span class='ocrx_word' id='word_1_172' title='bbox 809 3329 1032 3393; x_wconf 81' lang='lat' dir='ltr'>rectce</span> <span class='ocrx_word' id='word_1_173' title='bbox 1064 3321 1488 3410; x_wconf 87' lang='lat' dir='ltr'>educantur,</span> <span class='ocrx_word' id='word_1_174' title='bbox 1523 3330 1740 3394; x_wconf 90' lang='lat' dir='ltr'>erunt</span> <span class='ocrx_word' id='word_1_175' title='bbox 1773 3331 1848 3394; x_wconf 89' lang='lat' dir='ltr'>et</span> <span class='ocrx_word' id='word_1_176' title='bbox 1884 3344 2107 3394; x_wconf 74' lang='lat' dir='ltr'>arcus</span> <span class='ocrx_word' id='word_1_177' title='bbox 2142 3321 2337 3393; x_wconf 87' lang='lat' dir='ltr'>inter</span> <span class='ocrx_word' id='word_1_178' title='bbox 2370 3346 2730 3419; x_wconf 72' lang='lat' dir='ltr'>quascun-</span> 
     </span>
     <span class='ocr_line' id='line_1_30' title="bbox 654 3432 2728 3532; baseline 0.001 -29"><span class='ocrx_word' id='word_1_179' title='bbox 654 3457 787 3528; x_wconf 81' lang='lat' dir='ltr'>que</span> <span class='ocrx_word' id='word_1_180' title='bbox 815 3433 1002 3505; x_wconf 72' lang='lat' dir='ltr'>duas</span> <span class='ocrx_word' id='word_1_181' title='bbox 1036 3432 1275 3505; x_wconf 71' lang='lat' dir='ltr'>lineas</span> <span class='ocrx_word' id='word_1_182' title='bbox 1302 3432 1723 3532; x_wconf 84' lang='lat' dir='ltr'>intercepti,</span> <span class='ocrx_word' id='word_1_183' title='bbox 1748 3442 1824 3506; x_wconf 87' lang='lat' dir='ltr'>et</span> <span class='ocrx_word' id='word_1_184' title='bbox 1849 3456 2075 3505; x_wconf 72' lang='lat' dir='ltr'>arcus</span> <span class='ocrx_word' id='word_1_185' title='bbox 2112 3433 2309 3506; x_wconf 84' lang='lat' dir='ltr'>inter</span> <span class='ocrx_word' id='word_1_186' title='bbox 2336 3459 2728 3531; x_wconf 83' lang='lat' dir='ltr'>quamcun-</span> 
     </span>
     <span class='ocr_line' id='line_1_31' title="bbox 651 3545 2726 3643; baseline 0.001 -26"><span class='ocrx_word' id='word_1_187' title='bbox 651 3570 795 3642; x_wconf 84' lang='lat' dir='ltr'>que</span> <span class='ocrx_word' id='word_1_188' title='bbox 815 3545 1085 3618; x_wconf 84' lang='lat' dir='ltr'>lineam</span> <span class='ocrx_word' id='word_1_189' title='bbox 1103 3556 1177 3616; x_wconf 87' lang='lat' dir='ltr'>et</span> <span class='ocrx_word' id='word_1_190' title='bbox 1202 3556 1555 3642; x_wconf 78' lang='lat' dir='ltr'>punctum</span> <span class='ocrx_word' id='word_1_191' title='bbox 1584 3554 1964 3618; x_wconf 68' lang='lat' dir='ltr'>contactus</span> <span class='ocrx_word' id='word_1_192' title='bbox 1985 3546 2395 3643; x_wconf 81' lang='lat' dir='ltr'>intercepti,</span> <span class='ocrx_word' id='word_1_193' title='bbox 2423 3545 2726 3620; x_wconf 60' lang='lat' dir='ltr'>similest.</span> 
     </span>
     <span class='ocr_line' id='line_1_32' title="bbox 652 3657 2725 3755; baseline 0.001 -24"><span class='ocrx_word' id='word_1_194' title='bbox 652 3658 985 3754; x_wconf 85' lang='lat' dir='ltr'>Exempli</span> <span class='ocrx_word' id='word_1_195' title='bbox 1019 3657 1300 3753; x_wconf 87' lang='lat' dir='ltr'>gratia:</span> <span class='ocrx_word' id='word_1_196' title='bbox 1354 3658 1428 3730; x_wconf 94' lang='lat' dir='ltr'>in</span> <span class='ocrx_word' id='word_1_197' title='bbox 1470 3659 1711 3753; x_wconf 86' lang='lat' dir='ltr'>figura</span> <span class='ocrx_word' id='word_1_198' title='bbox 1744 3658 1837 3730; x_wconf 83' lang='lat' dir='ltr'>ad</span> <span class='ocrx_word' id='word_1_199' title='bbox 1876 3659 2058 3755; x_wconf 89' lang='lat' dir='ltr'>Cap.</span> <span class='ocrx_word' id='word_1_200' title='bbox 2094 3659 2244 3747; x_wconf 86' lang='lat' dir='ltr'>viii,</span> <span class='ocrx_word' id='word_1_201' title='bbox 2291 3682 2504 3732; x_wconf 90' lang='lat' dir='ltr'>arcus</span> <span class='ocrx_word' id='word_1_202' title='bbox 2541 3659 2725 3733; x_wconf 90' lang='lat' dir='ltr'>duos</span> 
     </span>
     <span class='ocr_line' id='line_1_33' title="bbox 656 3771 2724 3869; baseline 0 -24"><span class='ocrx_word' id='word_1_203' title='bbox 656 3773 827 3861; x_wconf 86' lang='grc' dir='ltr'>ΒΜ,</span> <span class='ocrx_word' id='word_1_204' title='bbox 853 3772 989 3844; x_wconf 92' lang='grc' dir='ltr'>ΒΝ</span> <span class='ocrx_word' id='word_1_205' title='bbox 1026 3771 1483 3844; x_wconf 88' lang='lat' dir='ltr'>demonstrat</span> <span class='ocrx_word' id='word_1_206' title='bbox 1510 3794 1668 3844; x_wconf 89' lang='lat' dir='ltr'>esse</span> <span class='ocrx_word' id='word_1_207' title='bbox 1703 3772 1994 3845; x_wconf 78' lang='lat' dir='ltr'>simileS.</span> <span class='ocrx_word' id='word_1_208' title='bbox 2063 3773 2160 3845; x_wconf 88' lang='lat' dir='ltr'>Et</span> <span class='ocrx_word' id='word_1_209' title='bbox 2179 3772 2474 3869; x_wconf 86' lang='lat' dir='ltr'>quidem</span> <span class='ocrx_word' id='word_1_210' title='bbox 2501 3784 2724 3846; x_wconf 89' lang='lat' dir='ltr'>recte.</span> 
     </span>
     <span class='ocr_line' id='line_1_34' title="bbox 657 3885 2726 3981; baseline 0 -22"><span class='ocrx_word' id='word_1_211' title='bbox 657 3885 804 3959; x_wconf 86' lang='lat' dir='ltr'>Sed</span> <span class='ocrx_word' id='word_1_212' title='bbox 838 3909 929 3958; x_wconf 87' lang='lat' dir='ltr'>ex</span> <span class='ocrx_word' id='word_1_213' title='bbox 964 3909 1051 3957; x_wconf 88' lang='lat' dir='ltr'>eo</span> <span class='ocrx_word' id='word_1_214' title='bbox 1087 3894 1428 3980; x_wconf 90' lang='lat' dir='ltr'>sequetur</span> <span class='ocrx_word' id='word_1_215' title='bbox 1461 3907 1714 3956; x_wconf 91' lang='lat' dir='ltr'>arcum</span> <span class='ocrx_word' id='word_1_216' title='bbox 1749 3895 2139 3981; x_wconf 89' lang='lat' dir='ltr'>utrumque</span> <span class='ocrx_word' id='word_1_217' title='bbox 2174 3886 2444 3958; x_wconf 89' lang='lat' dir='ltr'>habere</span> <span class='ocrx_word' id='word_1_218' title='bbox 2477 3886 2726 3959; x_wconf 88' lang='lat' dir='ltr'>latitu-</span> 
     </span>
     <span class='ocr_line' id='line_1_35' title="bbox 655 3997 2725 4095; baseline 0 -23"><span class='ocrx_word' id='word_1_219' title='bbox 655 3999 896 4072; x_wconf 88' lang='lat' dir='ltr'>dinem</span> <span class='ocrx_word' id='word_1_220' title='bbox 932 3999 1270 4095; x_wconf 89' lang='lat' dir='ltr'>aliquam,</span> <span class='ocrx_word' id='word_1_221' title='bbox 1304 3997 1658 4092; x_wconf 88' lang='lat' dir='ltr'>majorem</span> <span class='ocrx_word' id='word_1_222' title='bbox 1695 3998 2067 4093; x_wconf 88' lang='lat' dir='ltr'>majorem,</span> <span class='ocrx_word' id='word_1_223' title='bbox 2103 3999 2459 4072; x_wconf 89' lang='lat' dir='ltr'>minorem</span> <span class='ocrx_word' id='word_1_224' title='bbox 2494 4000 2725 4073; x_wconf 92' lang='lat' dir='ltr'>mino·</span> 
     </span>
     <span class='ocr_line' id='line_1_36' title="bbox 653 4109 2726 4209; baseline 0 -24"><span class='ocrx_word' id='word_1_225' title='bbox 653 4136 809 4185; x_wconf 86' lang='lat' dir='ltr'>rem</span> <span class='ocrx_word' id='word_1_226' title='bbox 840 4141 857 4184; x_wconf 73' lang='grc' dir='ltr'><strong>ι</strong></span> <span class='ocrx_word' id='word_1_227' title='bbox 912 4111 1180 4209; x_wconf 90' lang='lat' dir='ltr'>alioqui</span> <span class='ocrx_word' id='word_1_228' title='bbox 1232 4109 1493 4184; x_wconf 88' lang='lat' dir='ltr'>falsum</span> <span class='ocrx_word' id='word_1_229' title='bbox 1552 4110 1713 4199; x_wconf 89' lang='lat' dir='ltr'>erit,</span> <span class='ocrx_word' id='word_1_230' title='bbox 1770 4109 2028 4206; x_wconf 89' lang='lat' dir='ltr'>Apelle</span> <span class='ocrx_word' id='word_1_231' title='bbox 2075 4111 2349 4208; x_wconf 89' lang='lat' dir='ltr'>judice,</span> <span class='ocrx_word' id='word_1_232' title='bbox 2405 4111 2520 4184; x_wconf 87' lang='lat' dir='ltr'>vel</span> <span class='ocrx_word' id='word_1_233' title='bbox 2581 4112 2726 4186; x_wconf 92' lang='lat' dir='ltr'>alio</span> 
     </span>
     <span class='ocr_line' id='line_1_37' title="bbox 654 4223 2721 4323; baseline 0 -25"><span class='ocrx_word' id='word_1_234' title='bbox 654 4227 910 4323; x_wconf 89' lang='lat' dir='ltr'>quovis</span> <span class='ocrx_word' id='word_1_235' title='bbox 975 4224 1298 4320; x_wconf 86' lang='lat' dir='ltr'>pictore:</span> <span class='ocrx_word' id='word_1_236' title='bbox 1371 4247 1540 4296; x_wconf 88' lang='lat' dir='ltr'>cum</span> <span class='ocrx_word' id='word_1_237' title='bbox 1607 4223 1684 4296; x_wconf 94' lang='lat' dir='ltr'>in</span> <span class='ocrx_word' id='word_1_238' title='bbox 1745 4223 2101 4298; x_wconf 91' lang='lat' dir='ltr'>similibus</span> <span class='ocrx_word' id='word_1_239' title='bbox 2168 4226 2482 4299; x_wconf 85' lang='lat' dir='ltr'>arcubus</span> <span class='ocrx_word' id='word_1_240' title='bbox 2545 4224 2721 4298; x_wconf 85' lang='lat' dir='ltr'>inae-</span> 
     </span>
     <span class='ocr_line' id='line_1_38' title="bbox 653 4336 2723 4436; baseline -0 -24"><span class='ocrx_word' id='word_1_241' title='bbox 653 4338 986 4435; x_wconf 85' lang='lat' dir='ltr'>qualibus</span> <span class='ocrx_word' id='word_1_242' title='bbox 1075 4336 1497 4411; x_wconf 88' lang='lat' dir='ltr'>latitudines</span> <span class='ocrx_word' id='word_1_243' title='bbox 1600 4337 1927 4435; x_wconf 90' lang='lat' dir='ltr'>ipsorum</span> <span class='ocrx_word' id='word_1_244' title='bbox 2019 4363 2322 4413; x_wconf 89' lang='lat' dir='ltr'>arcuum</span> <span class='ocrx_word' id='word_1_245' title='bbox 2405 4338 2723 4436; x_wconf 87' lang='lat' dir='ltr'>aequales</span> 
     </span>
    </p>
   </div>
  </div>
 </body>
</html>
