3094 5125
612 501 748 567 188
1036 513 1575 566 ΕΧΑΜῙΝΑΤΙΟ
1616 513 1718 565 Εἰ·
1757 512 2253 564 ΕΜΕΝΒΑΤΙΟ

215 710 522 751 nameus
705 680 804 752 Α.
857 681 1226 754 Extantne
1294 693 1836 776 geometrarum
1898 679 2155 766 literae,
2225 677 2488 774 quibus
2554 699 2685 772 ge-

345 792 403 831 v.
602 794 911 866 ometria
977 795 1136 867 haec
1163 795 1476 868 Wallisii
1510 792 2080 889 comprobatur?

701 908 801 979 B.
854 907 1131 980 Extant
1199 907 1520 1003 quidem,
1577 906 1798 980 editae
1864 906 1954 978 ab
2011 903 2386 987 Wallisio;
2449 903 2687 976 altera

604 1019 953 1115 Hugenii,
991 1020 1223 1093 altera
1247 1021 1495 1092 nescio
1533 1022 1766 1115 cujus,
1802 1017 1930 1091 sed
1959 1018 2218 1091 dicunt
2250 1017 2476 1112 aliqui
2521 1039 2685 1089 esse

603 1133 1051 1222 Schootenii,
1080 1133 1203 1206 vix
1232 1133 1517 1206 Latina.
1579 1134 1946 1206 Praeterea
1978 1131 2483 1219 Robervallus‚
2510 1154 2682 1226 pro-

598 1245 832 1319 fessor
876 1247 1171 1319 Parisiis
1221 1247 1758 1335 celeberrimuS,
1795 1246 2134 1342 idemque
2182 1246 2361 1318 alias
2414 1245 2492 1316 in
2553 1243 2683 1316 de-

600 1360 1258 1433 monstrationibus
1341 1360 1659 1456 propriis
1727 1360 1904 1434 satis
1983 1371 2265 1448 cautuS,
2329 1358 2682 1432 chartulae

601 1472 984 1567 cujusdam
1032 1473 1552 1569 manuscriptae
1581 1473 2029 1569 exemplaria
2063 1472 2345 1568 aliquot
2400 1472 2476 1544 in
2532 1473 2686 1544 An-

597 1586 822 1681 gliam
856 1586 1285 1676 transmisit,
1309 1588 1386 1659 in
1410 1611 1557 1682 qua
1579 1585 1991 1659 doctrinam
2015 1587 2107 1659 de
2135 1586 2681 1681 comparatione

597 1699 1112 1794 parabolarum
1173 1712 1248 1772 et
1307 1699 1746 1772 conoideum
1806 1724 1898 1772 ex
1956 1699 2098 1773 illis
2155 1700 2515 1772 factarum
2584 1697 2682 1771 ad

597 1811 1279 1909 parallelogramma
1346 1830 1424 1884 et
1484 1812 1856 1909 cylindros
1930 1811 2543 1907 circumscriptos,
2600 1811 2680 1883 in

599 1926 739 1998 hoc
753 1938 1075 1999 tractatu
1098 1925 1219 1998 De
1241 1924 1733 2000 Arithmetica
1754 1924 1805 1996 I
1800 1925 2218 2021 rgfinitorum
2245 1925 2678 2022 expositam,

596 2052 821 2135 negat
854 2041 946 2111 ab
983 2039 1314 2113 Wallisio
1369 2040 1633 2135 prime,
1671 2040 1800 2113 sed
1856 2063 1902 2112 a
1954 2063 2031 2111 se
2086 2038 2460 2111 inventam
2519 2061 2679 2111 esse

598 2152 876 2225 asserit.
986 2152 1207 2227 Quod
1242 2176 1389 2225 non
1424 2152 1717 2226 fecisset
1780 2151 1919 2224 nisi
1975 2152 2386 2225 doctrinam
2445 2151 2678 2248 ipsam

597 2290 847 2338 veram
883 2289 1039 2338 esse
1075 2265 1498 2337 censuisset.

699 2380 799 2450 A.
856 2377 1280 2450 Mirandum
1315 2401 1464 2449 non
1501 2390 1618 2450 est
1653 2378 1714 2449 si
1748 2377 1877 2465 illi,
1923 2378 2047 2473 qui
2085 2377 2476 2450 maximam
2501 2400 2677 2472 ope-

601 2514 758 2565 ram
795 2491 872 2564 in
901 2514 988 2562 eo
1016 2501 1418 2586 posuerunt
1449 2500 1533 2562 ut
1571 2490 1932 2564 rationem
1982 2514 2196 2565 arcus
2229 2489 2328 2562 ad
2386 2488 2677 2562 radium

599 2604 695 2678 ad
728 2628 1074 2677 numeros
1110 2604 1574 2692 reducerent,
1613 2605 2042 2678 methodum
2095 2606 2286 2677 hanc
2330 2604 2677 2700 symboli-

601 2741 763 2790 cam
799 2717 1091 2789 incaute
1118 2717 1432 2811 amplexi
1457 2717 1627 2789 sint.
1734 2717 1878 2790 Sed
1914 2730 2000 2790 ut
2026 2716 2526 2804 RobervalluS,
2551 2716 2675 2812 qui

601 2843 1144 2926 geometrarum
1180 2830 1460 2927 primus
1495 2854 1651 2903 esse
1686 2832 1843 2904 vult
1877 2843 1951 2904 et
2003 2830 2158 2903 fere
2218 2842 2352 2919 est,
2389 2830 2674 2926 paralo-

592 2944 865 3040 gismos
898 2954 1050 3015 tam
1099 2966 1378 3016 crassos
1414 2942 1663 3016 videre
1724 2969 1872 3018 non
1932 2944 2279 3041 potuerit,
2342 2944 2675 3041 profecto

593 3057 1006 3130 mirandum
1037 3068 1171 3130 est.

690 3171 789 3243 B.
844 3172 1095 3259 Habet
1131 3172 1270 3244 hoc
1304 3170 1674 3265 peculiare
1708 3169 2230 3243 Robervallus:
2268 3195 2435 3243 cum
2472 3194 2677 3266 egre-

590 3284 794 3381 gium
850 3285 1011 3380 quis
1067 3309 1113 3358 a
1159 3309 1236 3358 se
1292 3286 1679 3358 inventum
1737 3283 2117 3356 theorema
2163 3283 2241 3355 in
2294 3284 2674 3379 publicum

592 3398 938 3488 emiserit,
974 3411 1058 3471 ut
1093 3399 1342 3472 statim
1379 3397 1787 3471 distributis
1823 3396 2178 3471 chartulis
2226 3398 2422 3471 dicat
2476 3396 2676 3469 idem

592 3536 637 3584 a
696 3535 774 3584 se
823 3511 1202 3584 inventum
1263 3535 1419 3584 esse
1486 3511 1714 3606 priuS.
1818 3510 2075 3606 Itaque
2134 3510 2514 3583 theorema
2582 3509 2675 3582 de

593 3624 825 3697 solido
847 3624 1343 3719 hyperbolico,
1369 3625 1751 3696 inventum
1779 3646 1823 3694 a
1846 3622 2261 3711 Toricellio,
2285 3636 2672 3719 postquam

593 3748 785 3810 esset
813 3737 1091 3809 editum
1130 3735 1223 3809 ad
1253 3760 1330 3810 se
1358 3736 1653 3833 rapuit;
1708 3747 1783 3808 et
1834 3759 2034 3808 nuuc
2092 3737 2522 3810 methodum
2581 3736 2673 3808 de

591 3851 1141 3947 comparatione
1170 3849 1792 3945 paraboloideum,
1830 3848 2104 3921 editam
2142 3874 2186 3921 a
2236 3850 2569 3923 Wallisio
2597 3862 2674 3923 et

592 3965 747 4037 solo
782 3963 1112 4035 Wallisio
1149 3962 1471 4059 dignam,
1510 3986 1715 4035 suam
1750 3962 2004 4034 haberi
2060 3962 2399 4035 incautus
2460 3964 2670 4059 petit.

593 4078 797 4151 Idem
837 4077 1239 4162 Hobbium,
1277 4078 1401 4172 qui
1439 4076 1935 4172 aequalitatem
1970 4075 2166 4148 inter
2201 4076 2540 4172 spiralem
2598 4088 2674 4149 et

590 4190 1084 4284 parabolicam
1119 4190 1398 4284 primus
1435 4187 1643 4277 vidit,
1682 4189 1854 4283 quia
1888 4189 2044 4282 ipse
2100 4189 2409 4262 eandem
2470 4189 2671 4285 prius

593 4303 1219 4379 demonstraverat
1256 4302 1577 4399 appellat
1609 4301 2070 4398 plagiarium.
