3094 5125
606 480 749 546 334
1156 494 1723 547 PROBLBMATA
1761 493 2148 548 Pnrsch.

265 686 402 728 cu.
426 687 485 728 v.
603 659 857 734 caeteri
901 661 1205 735 effectus
1250 661 1790 758 producuntur,
1839 663 1970 739 sed
2019 686 2065 736 a
2109 662 2702 760 reciprocatione

270 814 474 859 nedum
604 773 683 845 in
717 773 912 847 linea
946 798 1409 872 quacunque.

269 884 315 923 ⁰²
331 879 466 925 mm·
704 887 847 960 Pro
883 911 1103 961 causa
1137 912 1315 985 ergo
1347 888 1643 962 duritiei
1674 913 2009 988 suppono
2034 887 2698 986 reciprocationem

601 999 803 1072 illam
848 1010 923 1073 et
955 1000 1492 1075 velocissimam
1539 1026 1722 1093 esse,
1761 1017 1838 1078 et
1885 1004 2085 1078 intra
2132 1002 2371 1100 spatia
2415 1002 2699 1075 brevis-

606 1134 815 1185 sima.
2298 1128 2307 1137 '

699 1225 799 1300 A.
854 1226 1237 1323 Conceptu
1282 1226 1577 1300 difficile
1613 1239 1749 1300 est.
1857 1228 2162 1303 Utinam
2210 1229 2371 1303 haec
2418 1228 2693 1302 visibili

601 1340 847 1435 aliquo
881 1341 1383 1437 experimento
1418 1340 1749 1414 emollire
1783 1341 2031 1415 velleS.

706 1452 803 1525 B.
863 1453 1183 1529 Quando
1219 1465 1507 1526 tensam
1537 1453 1769 1543 videS‚
1804 1454 2120 1551 exempli
2168 1477 2412 1544 causa,
2446 1453 2694 1528 ballis-

602 1574 798 1638 tam:
851 1578 1166 1663 putasne
1200 1580 1451 1663 partes
1484 1568 1642 1663 ejus
1676 1567 2004 1642 moveri?

702 1679 803 1754 A.
857 1679 1192 1754 Minime.
1297 1681 1469 1754 Scio
1506 1704 1761 1755 omnes
1790 1683 2188 1778 quiescere.

705 1792 803 1867 B.
860 1795 1253 1870 Quomodo
1287 1796 1429 1869 hoc
1465 1795 1655 1868 scire
1699 1796 1959 1892 potes?
2063 1794 2289 1868 Nullo
2334 1803 2533 1866 certe
2573 1817 2693 1866 ar-

599 1918 978 2002 gumento,
1029 1920 1525 2007 praeterquam
1592 1909 1795 2006 quod
1862 1910 2140 1984 moveri
2205 1932 2357 1981 non
2424 1907 2689 1981 cernis.

600 2019 825 2093 Vides
883 2021 1178 2118 quidem
1237 2022 1586 2096 laminam
1639 2033 1874 2096 totam
1937 2021 2478 2119 quiescentem:
2533 2044 2692 2093 cre-

602 2132 1019 2208 dendumne
1081 2160 1260 2233 ergo
1321 2147 1432 2210 est
1491 2137 1865 2234 quiescere
1934 2137 2159 2210 etiam
2215 2146 2464 2231 partes
2531 2135 2689 2229 ejus

603 2271 858 2320 omnes
892 2248 1244 2337 internaS,
1282 2273 1452 2322 cum
1485 2260 1599 2323 tot
1633 2250 1782 2323 sint
1815 2257 2252 2346 argumenta
2285 2271 2450 2344 quae
2486 2248 2689 2320 evin-

602 2371 782 2432 cunt
816 2360 1315 2434 contrarium?

704 2472 800 2545 A.
861 2472 1029 2547 Quo
1057 2483 1493 2569 argumento
1522 2484 1806 2546 motum
1840 2474 2080 2547 inesse
2105 2473 2397 2546 evinces
2424 2474 2500 2546 in
2526 2496 2688 2570 par-

602 2587 800 2660 tibus
834 2586 1125 2659 laminae
1159 2587 1557 2684 chalybeae‚
1594 2587 1770 2660 dum
1797 2599 2047 2660 manet
2080 2586 2338 2659 tensa?

705 2700 804 2773 B.
860 2699 938 2771 Si
992 2723 1300 2773 nervum
1341 2725 1489 2796 quo
1534 2712 1831 2775 tenetur
1866 2710 2076 2774 tensa
2126 2699 2520 2789 discindaS,
2557 2712 2688 2774 aut

602 2835 1041 2909 quocunque
1096 2811 1316 2885 modo
1372 2837 1418 2886 a
1469 2814 1544 2886 vi
1598 2813 1950 2887 tendente
2004 2812 2292 2901 libereS,
2348 2812 2686 2909 protinus

600 2936 882 2999 motum
928 2925 1219 2999 laminae
1250 2925 1532 3000 videbis
1566 2926 2123 3016 velocissimum,
2160 2949 2304 3023 quo
2352 2949 2430 2999 se
2479 2926 2685 3000 resti-

599 3049 759 3112 tuet
785 3038 880 3112 ad
907 3040 1129 3114 situm
1154 3040 1354 3113 unde
1378 3041 1454 3113 vi
1488 3040 1845 3115 tensionis
1873 3039 2154 3113 dimota
2172 3050 2357 3113 erat.
2432 3039 2686 3114 Motus

600 3152 816 3248 hujus
852 3177 1018 3249 quae
1052 3177 1275 3226 causa
1310 3166 1420 3227 est
1450 3153 1475 3227 ἓ

700 3265 799 3338 Α.
854 3266 1023 3363 Ipsa
1056 3266 1264 3340 nervi
1298 3265 1597 3359 laxatio,
1636 3265 1753 3339 vel
1780 3265 2072 3338 laminae
2096 3275 2473 3362 utcunque
2505 3263 2683 3338 libe-

597 3380 790 3452 ratio
824 3404 868 3452 a
902 3381 976 3452 vi
1003 3379 1375 3453 tendente.

700 3493 797 3566 B.
858 3492 1079 3568 Quod
1113 3493 1176 3566 si
1219 3492 1513 3566 laminae
1560 3516 1712 3566 non
1758 3502 2011 3581 tensae,
2049 3490 2181 3565 sed
2224 3503 2473 3564 tamen
2520 3514 2686 3564 cur-

596 3607 932 3694 vissimae‚
969 3606 1212 3702 capita
1263 3630 1491 3679 nervo
1539 3617 2182 3690 connecterentur,
2229 3603 2496 3678 deinde
2543 3603 2689 3676 dis-

597 3720 1018 3793 cinderetur
1051 3742 1353 3791 nervus:
1411 3744 1562 3792 non
1599 3718 1853 3792 credes
1886 3718 2236 3791 laminam
2267 3717 2469 3790 illam
2504 3727 2683 3790 tunc

595 3855 1060 3908 recursuram
1094 3855 1251 3905 esse
1285 3831 1381 3905 ad
1416 3833 1639 3912 situm
1682 3832 2096 3906 rectiorem.
2202 3831 2290 3904 In
2324 3855 2471 3927 quo
2506 3854 2685 3927 ergo

598 3945 935 4019 consistit
970 3943 1433 4017 differentia?

695 4057 790 4132 A.
843 4058 1168 4132 Laminae
1212 4069 1466 4147 tensae,
1504 4059 1855 4132 elastrum
1903 4058 2274 4154 quoddam
2327 4057 2527 4129 intus
2575 4055 2689 4127 in-

596 4183 755 4244 est:
807 4170 1101 4244 laminae
1154 4194 1329 4244 vero
1395 4170 1553 4243 sine
1615 4170 1949 4244 tensione
2005 4194 2274 4261 curvae,
2333 4168 2683 4242 elastrum

596 4284 878 4356 nullum
914 4293 1046 4357 est.

694 4394 789 4469 B.
846 4395 1047 4470 Quid
1081 4407 1195 4471 est
1229 4394 1629 4469 elastrum?
