3094 5125
1054 513 1726 568 oneum-RARUM.
1799 522 1800 525 ¹
2280 497 2425 564 459

302 679 575 755 dratis
640 682 734 755 ab
799 680 1057 755 eadem
1117 682 1261 756 Nr.
1386 683 1517 756 Est
1582 692 1830 755 autem
1891 679 1996 753 Be
2046 678 2436 776 vigecupla
2489 705 2628 748 car.
2659 699 2839 745 xxm.

306 793 671 890 ejusdem
700 794 840 884 Nr,
864 806 939 868 et
972 793 1284 891 proinde
1312 794 1756 891 quadratum
1790 794 1949 890 ejus
1982 792 2260 890 aequale
2283 802 2431 868 400
2458 774 2802 905 „W

308 906 724 1003 quadratis
761 908 853 981 ab
889 908 1147 981 eadem
1182 909 1321 982 Nr,
2455 920 2586 957 πωπω
2609 910 2862 968 composite

2454 991 2510 1022 ex
2539 978 2663 1022 radio
2693 974 2864 1028 circuli,

433 1021 575 1094 Est
627 1034 876 1093 autem
929 1019 1040 1093 Br
1085 1021 1385 1119 aequalis
1433 1019 1962 1094 novemdecem
2012 1018 2235 1092 rectis
2266 1019 2385 1092 Nr
2410 1050 2428 1104 ;
2457 1049 2539 1087 etc„

314 1143 409 1207 et
451 1133 893 1230 quadratum
928 1136 1088 1231 ejus
1130 1134 1411 1230 aeqnale
1450 1143 1590 1207 361
1634 1132 2015 1229 quadratis
2048 1134 2140 1206 ab
2176 1132 2435 1205 eadem

318 1248 486 1321 Nr,
592 1247 838 1343 Majus
896 1269 1074 1343 ergo
1126 1260 1238 1321 est
1290 1247 1734 1343 quadratum
1785 1258 2009 1320 rectae
2044 1244 2176 1335 Br,
2216 1270 2438 1342 quam

327 1359 788 1456 quadratum
842 1372 1067 1435 rectae
1104 1360 1232 1434 BP
1260 1361 1413 1434 sive
1452 1359 1620 1434 ΒΜ.
1729 1359 2191 1435 Quadratum
2242 1360 2441 1434 enim

320 1498 376 1548 a
416 1472 554 1546 BP
582 1473 865 1570 aequale
900 1483 1014 1547 est
1046 1473 1563 1547 tantummodo
1599 1482 1746 1548 360
1771 1473 2147 1569 quadratis
2181 1475 2273 1548 ab
2295 1474 2439 1547 Nr.

447 1588 651 1661 Inter
685 1588 1047 1684 quadrata
1080 1611 1127 1661 a
1159 1585 1268 1661 Be
1300 1599 1376 1661 et
1409 1585 1582 1678 ΒΜ,
1637 1587 1715 1660 id
1766 1600 1879 1661 est
1939 1588 2135 1661 inter
2168 1595 2317 1662 400
2364 1598 2443 1660 et

332 1710 522 1791 324,
545 1711 878 1774 sumatur
910 1725 1258 1774 numerus
1293 1701 1578 1774 medius
1601 1701 2205 1797 proportionalis:
2245 1699 2445 1774 cadit

335 1816 547 1889 enim
583 1814 778 1887 inter
813 1815 1182 1910 quoslibet
1220 1815 1403 1888 duos
1438 1838 1785 1888 numeros
1820 1813 2217 1910 quadratos
2250 1835 2446 1887 unus

339 1928 634 2001 medius
666 1928 1279 2024 proportionalis:
1316 1929 1603 2025 eritque
1629 1928 1753 2002 ille
1780 1951 2130 2002 numerus
2158 1927 2443 2002 medius

345 2051 528 2131 360,
562 2064 828 2137 nempe
883 2052 999 2115 tot
1056 2042 1414 2138 quadrata
1455 2066 1502 2116 a
1546 2054 1756 2117 sexta
1803 2052 2015 2138 parte
2052 2040 2208 2132 BG,
2259 2052 2444 2138 quot

346 2166 522 2229 sunt
556 2156 868 2252 aequalia
895 2155 1151 2228 decem
1187 2156 1567 2251 quadratis
1601 2181 1647 2230 a
1680 2155 2073 2230 semiradio
2098 2168 2257 2230 toto
2284 2153 2439 2232 BG.

349 2271 612 2365 Itaque
648 2270 710 2342 si
746 2292 1072 2365 gnomon
1107 2270 1567 2365 circumponi
1599 2270 2059 2367 intelligatur
2078 2269 2441 2367 quadrato

351 2406 397 2457 a
430 2379 603 2469 ΒΜ,
633 2383 841 2478 cujus
875 2382 1265 2478 gnomonis
1300 2382 1616 2456 latitudo
1654 2383 1750 2456 sit
1783 2384 1935 2474 Mr,
1957 2407 2286 2480 gnomon
2320 2383 2445 2457 ille

351 2495 649 2591 aequalis
686 2496 828 2568 erit
862 2496 1221 2592 quadrato
1254 2497 1348 2570 ab
1386 2497 1505 2570 Nr
1539 2509 1748 2572 sexta
1780 2509 1991 2594 parte
2047 2497 2442 2572 semiradii.

356 2608 739 2681 Hactenus
790 2610 990 2682 nulla
1045 2633 1269 2684 causa
1317 2624 1430 2684 est
1483 2611 1869 2684 dubitandi
1923 2611 2014 2684 de
2072 2634 2282 2708 prop.
2319 2616 2442 2701 47,

354 2719 588 2793 Elem.
624 2720 677 2793 i.

458 2834 765 2922 RursuS,
812 2833 1254 2929 quadratum
1289 2857 1336 2907 a
1367 2835 1500 2907 CN
1535 2838 1810 2934 aequale
1846 2849 1963 2910 est
1997 2844 2091 2910 36
2129 2838 2443 2933 quadra-

357 2945 453 3017 tis
503 2947 597 3018 ab
651 2946 792 3018 Nr.
892 2947 1027 3019 Est
1080 2957 1328 3019 autem
1384 2948 1488 3021 Oe
1538 2951 1836 3046 octupla
1887 2951 2115 3047 ipsius
2168 2951 2310 3041 Nr,
2367 2964 2446 3025 et

357 3059 798 3155 quadratum
835 3062 993 3157 ejus
1028 3059 1309 3155 aequale
1343 3068 1436 3132 64
1469 3062 1848 3157 quadratis
1881 3064 1978 3136 ab
2011 3064 2267 3137 eadem
2304 3065 2447 3140 Nr.

356 3175 454 3246 Et
491 3175 665 3270 quia
699 3174 804 3247 Cr
838 3175 1176 3271 septupla
1210 3185 1322 3247 est
1356 3174 1583 3271 ipsius
1620 3176 1761 3266 Nr,
1811 3176 2253 3272 quadratum
2286 3179 2447 3275 ejus

359 3287 641 3384 aequale
678 3288 820 3360 erit
855 3294 951 3359 49
989 3287 1366 3382 quadratis
1400 3289 1494 3361 ab
1531 3288 1787 3362 eadem
1824 3290 1964 3363 Nr.

457 3402 626 3475 Jam
663 3424 832 3473 cum
868 3399 1013 3473 CM
1054 3411 1366 3496 tangens
1402 3401 1502 3474 sit
1537 3410 1633 3476 30
1666 3403 2055 3498 graduum,
2092 3405 2233 3486 erit
2267 3430 2450 3502 qua-⁴

361 3514 652 3586 dratum
711 3514 869 3608 ejus
924 3513 1358 3605 (secundum
1392 3538 1608 3611 prop.
1646 3522 1765 3606 47,
1803 3517 2033 3591 Elem.
2070 3518 2127 3612 i)
2167 3519 2452 3615 aequale

362 3634 458 3698 48
498 3626 876 3721 quadratis
911 3627 1004 3699 ab
1041 3627 1209 3700 Nr.‘
1284 3627 1420 3702 Est
1453 3629 1651 3702 enim
1679 3629 1834 3718 AL,
1870 3654 2123 3705 secans
2161 3641 2257 3706 30
2285 3656 2452 3729 gra·

364 3739 614 3828 duum,
652 3739 878 3835 dupla
909 3741 1281 3836 tangentis
1316 3740 1469 3833 BL,
1505 3743 1657 3817 sive
1690 3742 1874 3831 CM;
1928 3758 2004 3819 et
2031 3744 2167 3818 AB
2202 3746 2453 3820 radius

364 3851 630 3948 duplus
691 3853 1063 3926 semiradii
1110 3852 1266 3930 BG.
1370 3857 1558 3931 Cum
1621 3881 1798 3957 ergo
1856 3860 2296 3956 quadratum
2356 3862 2451 3934 ab

364 3966 496 4038 AL
530 3967 629 4038 sit
662 3966 758 4038 ad
793 3967 1230 4063 quadratum
1265 3993 1312 4042 a
1345 3968 1473 4044 BL
1509 3984 1596 4045 ut
1630 3983 1673 4045 4
1712 3973 1809 4046 ad
1852 3983 1914 4064 1,
1976 3974 2117 4046 erit
2148 3974 2246 4047 ad
2279 4000 2452 4072 qua·

367 4079 660 4152 dratum
694 4080 788 4152 ab
824 4081 957 4153 AB
990 4092 1074 4154 ut
1109 4091 1153 4154 4
1183 4082 1280 4157 ad
1316 4092 1385 4157 3.
1476 4086 1725 4160 Quare
1760 4087 1984 4159 etiam
2011 4087 2455 4183 quadratum

366 4194 740 4289 tangentis
777 4192 904 4267 BL
941 4194 1084 4268 erit
1135 4195 1231 4269 ad
1287 4199 1725 4293 quadratum
1774 4199 2145 4273 semiradii
2201 4201 2329 4275 BG
2367 4213 2456 4275 nt

368 4319 412 4382 4
466 4310 561 4383 ad
610 4318 681 4399 3,
734 4310 885 4383 sive
948 4321 1044 4385 48
1097 4312 1193 4386 ad
1247 4324 1368 4390 36.
1473 4317 1624 4390 Sed
1679 4316 1852 4413 quia
1898 4317 2338 4412 quadratum
2408 4343 2457 4393 a

370 4419 503 4498 BG
535 4422 688 4497 sive
725 4421 860 4500 CN
897 4436 1008 4499 est
1045 4434 1164 4516 36,
1202 4427 1343 4502 erit
1377 4430 1818 4525 quadratum
1852 4455 1898 4505 a
1931 4428 2061 4504 BL
2098 4431 2250 4505 sive
2287 4429 2454 4523 CM,
