3094 5125
782 499 890 552 nn
929 501 1536 556 MAeNrrumNE
1580 506 1946 559 cmcnm.
2263 495 2409 562 363

327 663 758 762 pleaturque
803 666 1238 762 quadratam
1295 668 1604 756 AQPm
1656 684 1735 745 et
1785 672 2238 770 producatur
2280 676 2412 751 QP
2486 701 2655 743 που.
2685 701 2775 742 111·

328 780 426 853 ad
460 780 591 853 DC
629 780 708 852 in
743 805 808 869 ο,
846 792 921 854 et
966 782 1086 853 xP
1118 782 1214 855 ad
1249 782 1374 856 BC
1412 784 1489 857 in
1525 810 1601 879 y,
1637 787 1920 883 eritque
1954 811 2061 884 oy
2097 788 2410 884 quadra-

329 905 511 981 tum,
549 904 624 966 et
661 894 735 966 H
748 917 790 964 ο
831 893 1242 968 differentia
1276 897 1473 971 inter
1499 898 1622 971 Do
1658 912 1734 972 et
1764 902 1932 985 DH,
1964 901 2041 974 id
2068 914 2181 974 est
2217 902 2412 975 inter

328 1004 969 1100 semidiagonalem
1005 1018 1080 1079 et
1108 1008 1598 1083 semiradium.
1669 1011 1913 1085 Ducta
1934 1026 2183 1087 autem
2209 1026 2412 1089 recta

329 1119 488 1208 LN,
526 1131 745 1192 erunt
796 1121 1046 1216 anguli
1094 1120 1314 1210 CLN,
1356 1123 1559 1220 CPy,
1594 1125 1800 1221 yCP,
1839 1126 2007 1200 CPo
2043 1128 2411 1201 semirecti

329 1231 668 1329 aequaleS.
769 1232 1145 1308 Transibit
1165 1245 1414 1308 autem
1450 1236 1585 1311 LN
1620 1262 1752 1335 per
1791 1240 1890 1326 P;
1930 1264 2154 1337 quare
2191 1253 2410 1314 erunt

329 1346 474 1442 Ly,
509 1345 654 1441 310,
692 1344 828 1435 Po,
861 1345 1000 1433 Ca,
1050 1348 1205 1433 οΝ,
1254 1372 1508 1423 omnes
1554 1350 1750 1425 inter
1796 1375 1873 1426 se
1915 1354 2278 1450 aequales;
2331 1369 2410 1429 et

327 1482 782 1555 unaquaeque
846 1482 1097 1533 earum
1167 1463 1482 1537 semissis
1542 1477 1766 1539 rectae
1829 1467 1955 1539 CL
2016 1468 2168 1540 sive
2232 1469 2404 1558 CM,

328 1571 728 1667 eademque
769 1573 1065 1669 aequalis
1122 1574 1556 1650 differentiae
1605 1578 1801 1651 inter
1854 1579 1984 1652 DC
2020 1590 2095 1653 et
2133 1581 2257 1653 Do
2292 1584 2409 1657 vel

333 1684 486 1760 QP.
591 1686 723 1758 Est
770 1698 1019 1759 autem
1055 1687 1169 1760 Co
1224 1689 1318 1762 ad
1373 1691 1504 1762 Ηο
1538 1704 1627 1765 ut
1674 1693 1804 1766 DC
1838 1694 1932 1766 ad
1969 1694 2113 1783 Dc,
2152 1695 2267 1769 vel
2326 1708 2410 1772 ut

333 1799 451 1870 Do
485 1797 579 1871 ad
607 1798 777 1887 DH,
831 1800 947 1872 vel
989 1812 1068 1873 ut
1104 1801 1220 1874 CP
1268 1803 1362 1875 ad
1399 1805 1531 1877 Co.
1640 1807 2006 1881 Quoniam
2054 1833 2230 1905 ergo
2283 1809 2411 1882 CL

330 1923 444 1985 est
478 1912 774 2008 aequalis
811 1911 1051 2008 duplae
1083 1914 1220 2003 Co,
1257 1918 1396 1989 erit
1431 1918 1550 1991 CP
1576 1919 1797 2017 dupla
1827 1921 1979 2011 Ηο,
2011 1922 2410 2018 eademque

330 2026 571 2099 media
625 2027 816 2100 inter
861 2028 980 2099 co
1011 2029 1178 2125 plus
1212 2032 1326 2103 oP
1367 2031 1476 2124 (id
1509 2043 1620 2107 est
1669 2034 1844 2129 CM)
1887 2048 1961 2109 et
2001 2037 2235 2132 ipsam
2271 2037 2408 2110 Co,

1211 2252 1534 2306 LEMMA.

434 2362 513 2435 Si
547 2365 832 2438 numeri
881 2366 1151 2464 integri
1186 2370 1547 2465 quotlibet
1578 2376 2228 2470 proportionaliter
2274 2383 2409 2455 mi-

331 2487 656 2549 nuantur
689 2478 764 2551 in
802 2480 1086 2553 ratione
1124 2491 1168 2554 2
1205 2482 1300 2555 ad
1363 2492 1424 2573 1,
1463 2486 1823 2561 maximus
1871 2491 2200 2565 omnium
2246 2518 2414 2569 con·

334 2590 802 2684 sequentibus
856 2595 1193 2668 omnibus
1262 2620 1430 2670 cum
1490 2614 1867 2698 assumpta
1924 2605 2210 2679 unitate
2272 2610 2415 2683 erit

334 2701 660 2795 aequalis.
761 2704 1096 2801 Exempli
1134 2731 1377 2797 causa,
1428 2711 1506 2784 in
1542 2715 1862 2788 numeris
1907 2725 2019 2789 16.
2049 2725 2120 2791 8.
2150 2730 2220 2793 4.
2245 2731 2315 2794 2.
2350 2731 2412 2812 1,

335 2826 867 2911 consequentes
902 2841 1155 2893 omnes
1191 2821 1405 2896 simul
1455 2827 1730 2922 sumpti
1763 2841 1937 2904 sunt
1983 2840 2092 2920 15,
2130 2834 2251 2907 oui
2283 2833 2416 2907 ad-

335 2925 491 3000 dita
524 2927 765 3002 unitas
797 2929 978 3003 facit
1012 2944 1098 3005 ut
1144 2932 1239 3007 sit
1284 2938 1588 3032 aequalis
1642 2942 1961 3016 maximo
2009 2953 2119 3018 16.
2225 2947 2414 3020 Item

332 3040 408 3113 in
447 3041 562 3114 his
591 3046 663 3113 8.
693 3053 763 3117 4.
789 3052 859 3116 2.
895 3054 956 3130 l,
985 3061 1513 3142 consequentes
1550 3051 1765 3125 simul
1802 3056 2073 3151 sumpti
2110 3069 2284 3131 sunt
2318 3064 2364 3142 7
2392 3088 2410 3132 ε

334 3178 552 3250 quem
588 3178 973 3228 numerum
1008 3156 1262 3232 addita
1292 3160 1538 3235 unitas
1583 3163 1761 3238 facit
1808 3169 2160 3264 aequalem
2210 3195 2416 3246 max-

333 3267 484 3340 imo
520 3275 589 3341 8.
698 3267 918 3343 Quod
954 3269 1015 3342 si
1051 3273 1340 3346 numeri
1373 3287 1843 3375 quotcunque
1879 3282 2304 3360 minuantur
2335 3287 2417 3362 in

337 3380 620 3454 ratione
670 3390 714 3454 3
766 3380 862 3454 ad
930 3391 987 3470 l,
1058 3395 1239 3457 tunc
1296 3404 1828 3486 consequentes
1889 3420 2142 3472 omnes
2199 3400 2416 3474 simul

336 3494 606 3588 sumpti
644 3519 810 3568 cum
848 3494 1152 3570 dimidio
1179 3498 1487 3591 minimi,
1524 3506 1840 3602 aequales
1868 3523 2086 3584 erunt
2111 3511 2416 3588 dimidio

339 3606 680 3691 maximi;
733 3608 921 3681 utin
958 3608 1072 3683 his
1108 3617 1435 3688 numeris
1473 3622 1593 3699 27.
1622 3626 1693 3690 9.
1722 3629 1789 3692 3.
1833 3631 1893 3710 l,
1922 3625 2280 3700 maximus
2316 3634 2413 3710 27

339 3717 604 3813 duplus
638 3733 751 3794 est
783 3729 1092 3797 9÷3÷1
1153 3725 1405 3800 addito
1442 3729 1506 3820 ὲ,
1542 3731 1667 3827 qui
1722 3756 2067 3810 numerus
2103 3752 2214 3813 est
2260 3749 2412 3830 134,

338 3830 655 3904 semissis
690 3837 1034 3921 maximi3
1089 3850 1166 3911 et
1213 3839 1289 3912 in
1337 3841 1452 3915 his
1485 3849 1581 3927 27
1601 3854 1723 3919 49
1747 3856 1860 3920 ÷3
1909 3861 1984 3923 et
2031 3852 2287 3926 addito
2315 3850 2412 3944 -ζ-,

339 3958 865 4039 consequentes
899 3973 1047 4023 uua
1081 3974 1248 4023 cum
1275 3951 1342 4044 -ζ-
1380 3969 1555 4030 sunt
1587 3960 1908 4034 semissis
1956 3964 2255 4036 maximi
2290 3972 2412 4048 27.

341 4054 468 4127 Sin
507 4061 789 4131 numeri
824 4063 1178 4157 quotlibet
1212 4071 1859 4163 proportionaliter
1889 4076 2313 4150 minuantur
2336 4079 2412 4151 in

338 4168 625 4241 ratione
660 4180 703 4243 4
741 4173 835 4245 ad
874 4184 932 4262 l,
970 4195 1501 4275 consequentes
1537 4187 1753 4260 simul
1787 4213 2039 4262 omues
2073 4215 2222 4263 una
2247 4216 2415 4265 cum

340 4282 561 4354 tertia
594 4296 799 4377 parte
835 4287 1114 4361 minimi
1150 4305 1365 4366 erunt
1399 4298 1621 4372 tertia
1654 4324 1820 4395 pars
1848 4302 2182 4375 maximi:
2222 4318 2305 4377 ut
2337 4305 2415 4379 in

338 4394 453 4468 his
487 4398 806 4473 nume-ris
855 4409 1068 4474 1644
1092 4413 1194 4476 41
1244 4406 1496 4482 addito
1532 4418 1597 4501 ἑ,
1635 4426 2163 4510 consequentes
2200 4417 2414 4491 simul
