3094 5125
647 381 789 446 364
1101 395 1207 447 nn·
1247 395 1855 449 MAGNITUDINE
1895 393 2261 448 cmcnu.

271 585 443 627 ποι».
474 586 557 627 1v.
645 585 896 635 omnes
932 585 1101 636 cum
1136 581 1177 662 ᾗ
1212 561 1493 636 faciunt
1530 566 1643 650 5÷‚
1680 585 1844 658 quae
1889 574 2001 635 est
2046 563 2265 635 tertia
2296 585 2467 658 pars
2519 586 2730 634 max-

347 686 352 689 ’
642 677 772 749 imi
850 685 959 750 16.
1063 676 1301 750 Causa
1359 689 1611 749 autem
1676 676 2093 773 hujusmodi
2160 676 2729 773 proportionum

644 789 955 863 obscura
1000 812 1150 862 non
1198 800 1332 863 est.
1436 789 1632 863 Nam
1673 791 1961 863 numeri
2006 791 2431 875 bisectione,
2470 814 2732 885 quam-

643 925 864 998 quam
896 904 1248 977 infinities
1282 904 1566 991 bisecti,
1603 927 1980 1000 nunquam
2017 904 2444 977 devenietur
2478 903 2571 976 ad
2614 906 2724 977 ni-

641 1015 897 1105 hilum,
933 1016 1064 1089 sed
1108 1016 1416 1089 restabit
1449 1039 1736 1112 semper
1770 1017 2014 1090 unitas
2043 1049 2062 1099 ;
2116 1041 2355 1114 neque
2388 1018 2725 1092 trisectio

640 1140 995 1225 perpetua
1026 1153 1410 1202 numerum
1447 1153 1882 1226 quemquam
1918 1130 2221 1203 reducet
2253 1129 2348 1202 ad
2382 1131 2720 1219 nihilum,

641 1243 772 1316 sed
807 1244 1112 1317 restabit
1148 1267 1432 1339 semper
1465 1267 1636 1339 pars
1669 1243 1935 1340 aliqua.

1348 1480 1846 1532 PROPOSITIO
1887 1481 2001 1531 lv,

742 1597 1127 1672 Quadrata
1162 1622 1208 1670 a
1239 1597 1458 1671 rectis
1493 1597 1726 1681 lineis,
1763 1621 1928 1694 quae
1962 1595 2276 1692 aequales
2314 1607 2488 1668 sunt
2512 1596 2721 1667 arcui

637 1709 745 1783 ab
791 1712 1221 1807 caeterisque
1276 1709 1889 1805 consequentibus
1935 1732 2166 1804 usque
2212 1708 2306 1780 ad
2357 1721 2716 1805 punctum

639 1825 746 1914 M,
775 1826 990 1898 simul
1020 1836 1333 1921 sumpta,
1362 1823 1668 1921 aequalia
1701 1833 1872 1895 sunt
1907 1821 2265 1919 quadrato
2301 1846 2388 1894 ex
2412 1821 2531 1893 PC
2558 1821 2713 1893 sive

639 1939 1201 2127 '‘P-Quadratum
1237 2051 1428 2124 enim
1458 2074 1544 2122 ex
1572 2049 1688 2121 PC
1721 2048 1911 2120 latus
1937 2047 2163 2120 habet
2189 2048 2386 2143 quod
2414 2058 2523 2119 est
2558 2072 2716 2121 me-

638 2164 842 2238 dium
876 2166 1068 2238 inter
1102 2166 1196 2237 IP
1231 2176 1306 2237 et
1341 2163 1566 2259 ipsius
1591 2160 1920 2257 duplum,
1957 2161 2033 2233 id
2056 2175 2169 2234 est
2196 2162 2355 2257 (per
2374 2184 2580 2256 prop.
2609 2161 2719 2255 iii)

637 2278 832 2350 inter
867 2278 1034 2365 CM,
1072 2278 1222 2349 sive
1259 2300 1507 2349 arcum
1546 2275 1686 2362 CZ,
1725 2286 1800 2346 et
1833 2275 2061 2370 ipsius
2098 2274 2495 2347 semissem.
2566 2274 2718 2346 Sed

636 2390 1072 2486 quadratum
1110 2414 1197 2461 ex
1225 2388 1330 2461 ab
1367 2412 1532 2460 cum
1571 2388 2183 2484 consequentibus
2219 2386 2594 2484 quadratis
2622 2410 2717 2459 ex

636 2504 924 2577 caeteris
977 2501 1293 2575 arcubus
1351 2500 1688 2574 omnibus
1734 2501 2142 2575 terminatis
2198 2502 2273 2575 in
2328 2501 2490 2591 bM,
2540 2514 2716 2576 sunt

643 2616 806 2711 (per
839 2616 1106 2688 lemma
1137 2614 1588 2711 praecedens)
1631 2615 2011 2688 dimidium
2040 2615 2377 2712 quadrati
2414 2617 2505 2689 ab
2536 2640 2715 2689 arcu

637 2728 777 2802 CZ.
899 2729 1146 2804 Quare
1216 2727 1653 2823 quadratum
1720 2728 1915 2824 quod
1983 2729 2125 2802 illis
2195 2730 2531 2802 omnibus
2601 2741 2717 2802 est

635 2842 936 2938 oequale,
973 2841 1275 2915 habebit
1310 2865 1441 2937 pro
1476 2842 1705 2914 latere
1741 2841 2051 2915 mediam
2088 2842 2712 2938 proportionalem

633 2955 827 3029 inter
860 2980 1114 3029 arcum
1152 2955 1291 3044 CZ,
1322 2955 1397 3028 id
1423 2968 1534 3028 est
1568 2966 1843 3028 rectam
1883 2954 2055 3043 CM,
2093 2968 2169 3028 et
2203 2955 2430 3051 ipsius
2466 2956 2710 3028 semis-

635 3093 811 3142 sem.
918 3069 1170 3142 Media
1201 3080 1447 3141 autem
1483 3067 1608 3140 illa
1644 3078 1757 3140 est
1801 3068 1960 3163 ipsa
2010 3080 2215 3140 recta
2260 3068 2399 3153 PC,
2448 3093 2711 3165 nempe

635 3182 860 3279 dupla
910 3194 1134 3257 rectae
1165 3182 1330 3270 GQ,
1367 3206 1531 3278 quae
1585 3181 1999 3254 differentia
2047 3193 2161 3254 est
2214 3181 2408 3254 inter
2445 3183 2577 3255 AG
2632 3196 2710 3255 et

635 3295 802 3370 Aa.
904 3297 1089 3370 Dico
1135 3308 1515 3392 praeterea,
1554 3293 1910 3390 quadrata
1956 3318 2255 3367 arcuum
2306 3295 2708 3368 eorundem

634 3431 784 3481 una
829 3433 997 3482 cum
1040 3409 1399 3505 quadrato
1460 3409 1554 3481 ab
1609 3431 1784 3480 arcu
1843 3407 1963 3479 CZ
2026 3407 2407 3480 dimidium
2465 3407 2709 3482 facere

635 3545 847 3595 arcus
900 3523 1037 3611 ST,
1076 3521 1226 3595 sive
1276 3531 1495 3594 rectae
1550 3520 1723 3602 BC;
1778 3533 1851 3592 et
1903 3520 2211 3616 proinde
2268 3521 2708 3617 quadratum

634 3636 832 3731 quod
880 3636 1022 3709 illis
1075 3633 1412 3708 omnibus
1454 3643 1565 3706 est
1614 3633 1917 3729 aequale,
1965 3634 2236 3707 habere
2292 3659 2426 3730 pro
2478 3634 2708 3708 latere

633 3761 910 3824 rectam
945 3749 1089 3823 ΑΟ.
1122 3746 1438 3820 mediam
1473 3746 1668 3819 inter
1700 3746 1832 3819 AB
1868 3759 1945 3819 et
1976 3747 2132 3821 AG.

741 3861 1015 3936 Coroll.
1101 3861 1199 3934 Et
1228 3870 1639 3957 propterea,
1676 3860 2034 3956 quadrata
2068 3885 2158 3933 ex
2192 3860 2530 3934 omnibus
2564 3861 2708 3934 illis

631 3978 969 4064 arcubuS‚
1029 3983 1398 4069 assumpto
1460 3972 1817 4068 quadrato
1887 3973 1979 4045 ab
2039 3997 2215 4046 arcu
2271 3974 2409 4063 ST,
2476 3973 2707 4070 (quod

630 4090 1068 4186 quadratum
1121 4086 1400 4182 aequale
1455 4098 1568 4159 est
1608 4085 1966 4182 quadrato
2014 4087 2341 4181 ABCD),
2392 4087 2706 4183 aequalia

633 4227 790 4276 esse
852 4203 1136 4276 duobus
1183 4199 1556 4297 quadratis
1602 4199 1816 4273 simul
1871 4224 1916 4272 a
1968 4200 2189 4274 radiis
2234 4202 2366 4274 AB
2415 4212 2489 4275 et
2534 4200 2702 4290 Aa,

632 4308 840 4413 cujus
871 4316 1065 4390 latus
1100 4315 1239 4390 erit
1264 4325 1468 4389 recta
1493 4313 1716 4387 ducta
1748 4338 1794 4386 a
1826 4324 2103 4409 puncto
2132 4315 2198 4387 D
2226 4313 2319 4387 ad
2346 4327 2702 4410 punctum
