3094 5125
672 526 1312 579 MATHEMATICAE
1353 528 1842 581 RODIERNAE.
2208 506 2306 586 27

211 692 519 790 produci
585 694 855 790 potuit.
988 694 1197 769 Quot
1251 706 1422 769 sunt
1474 719 1653 792 ergo
1703 717 1951 767 rerum
1999 692 2305 791 species,
2381 714 2688 760 mamone

216 818 324 880 tot
388 818 568 881 sunt
623 807 1110 905 philosophiae
1174 810 1395 883 totius
1452 822 1703 906 partes
1765 809 1915 882 sive
1975 807 2307 882 scientiae
2388 797 2678 902 ..ssd

216 921 721 1017 particulares,

307 1034 402 1106 B.
456 1034 613 1108 Sed
651 1058 799 1130 qua
831 1033 1182 1107 methodo
1211 1034 1749 1130 distinguendae
1783 1046 1955 1108 sunt
1985 1033 2012 1106 ?

315 1147 409 1219 Α.
460 1146 752 1219 Eadem
804 1170 953 1241 qua
1001 1145 1561 1243 distinguuntur
1611 1148 1773 1242 ipsa
1820 1147 2310 1243 phaenomena

225 1259 362 1331 sive
400 1259 824 1333 accidentia
868 1281 1034 1354 quae
1062 1270 1444 1355 apparent,
1487 1259 1859 1350 nimirum,
1886 1259 2307 1358 incipiendo

228 1396 269 1444 a
295 1374 609 1447 maxime
648 1373 1182 1447 communibus.

322 1487 413 1559 B.
465 1488 665 1562 Quae
700 1499 874 1559 sunt
905 1486 1084 1559 illa?

326 1600 415 1672 Α.
464 1599 928 1699 Magnitudo
990 1611 1065 1672 et
1122 1609 1379 1673 motus.
1484 1600 1583 1673 Et
1631 1600 1980 1696 quoniam
2025 1601 2186 1674 haec
2230 1600 2309 1673 in

243 1713 418 1785 omni
441 1737 838 1810 corporum
864 1714 1154 1787 actione
1180 1714 1524 1786 effectum
1557 1715 1830 1810 partim
1862 1714 2306 1811 producunt,

242 1836 316 1895 ut
358 1842 619 1915 motus,
677 1826 954 1923 partim
999 1836 1274 1921 augent
1309 1826 1425 1899 vel
1470 1827 1837 1915 minuunt,
1890 1840 1977 1899 ut
2023 1827 2309 1923 magni-

248 1936 424 2026 tudo,
474 1952 700 2034 prout
754 1941 990 2035 major
1043 1951 1154 2013 est
1200 1939 1315 2013 vel
1350 1941 1616 2024 minor,
1667 1940 1997 2030 scientia,
2049 1941 2124 2013 in
2164 1964 2311 2035 qua

250 2047 804 2127 determinantur
860 2051 1406 2149 magnitudines
1474 2064 1638 2124 tum
1697 2076 2089 2149 corporum
2149 2064 2309 2126 tum

249 2174 572 2253 motuum,
608 2168 854 2263 primo
889 2166 1052 2240 loco
1084 2165 1429 2262 ponenda
1462 2177 1617 2239 est:
1673 2189 1847 2238 nam
1879 2167 2117 2262 primo
2142 2167 2308 2239 loco

253 2272 565 2352 discenda
597 2295 738 2373 est,
792 2281 1063 2377 quippe
1107 2279 1304 2377 quod
1339 2280 1497 2353 sine
1544 2280 1671 2353 illa
1704 2291 1994 2355 caeterae
2027 2281 2310 2378 acquiri

253 2408 379 2460 non
410 2404 734 2485 possunt.

336 2502 424 2576 B.
476 2505 798 2581 Scientia
829 2506 989 2580 haec
1026 2505 1395 2602 quomodo
1429 2506 1892 2603 appellatur?

343 2616 430 2689 A.
486 2619 932 2693 Geometria.

338 2724 425 2801 B.
475 2731 715 2805 Defini
750 2732 1254 2828 geometriam.

346 2841 432 2913 A.
488 2845 906 2918 Geometria
945 2855 1061 2919 est
1102 2844 1416 2918 scientia
1456 2845 1996 2919 determinanda·
2027 2849 2307 2946 magni-

266 2951 536 3028 tudines.

345 3065 434 3138 B.
482 3067 813 3145 Breviter
847 3071 1144 3168 quidem
1179 3071 1381 3160 satiS,
1429 3071 1562 3145 sed
1599 3097 1862 3169 parum
1898 3073 2307 3169 perspicue.

270 3169 414 3250 Non
458 3184 645 3256 enim
695 3184 1028 3281 intelligo
1065 3185 1245 3280 quid
1298 3186 1393 3258 sit
1436 3186 2016 3284 magnitudinem
2067 3188 2312 3261 deter-

272 3307 534 3365 mmare.

358 3403 444 3476 Α.
488 3407 1075 3506 Magnitudinem
1131 3411 1645 3501 determinare,
1703 3412 1899 3485 idem
1953 3423 2066 3485 est
2113 3413 2313 3509 quod

277 3517 616 3593 ostendere
649 3534 923 3619 quanta
957 3524 1076 3597 sit.

356 3627 437 3703 B·
485 3635 864 3713 Quomodo
920 3650 1167 3714 autem
1216 3641 1632 3714 ostenditur
1678 3642 1792 3715 vel
1843 3641 2315 3740 cognoscitur

282 3745 657 3837 magnitudo
690 3753 1047 3850 exposita,
1086 3766 1361 3851 quanta
1394 3754 1546 3828 sit?

364 3856 445 3929 A.
495 3861 994 3963 comparando
1023 3891 1186 3939 eam
1208 3890 1376 3940 oum
1399 3867 1910 3964 magnitudine
1937 3867 2082 3941 alia
2106 3891 2313 3940 men-

289 3977 509 4060 surata,
559 3978 667 4051 vel
723 4003 887 4076 quae
941 3980 1208 4054 habeat
1261 3980 1358 4053 ad
1404 3993 1903 4054 mensuratam
1948 3982 2312 4053 rationem

291 4082 992 4188 Cognitam‚1taque
1049 4093 1459 4188 geometria
1526 4092 1819 4165 definiri
1870 4106 2115 4188 potest
2161 4093 2309 4163 sio.

292 4201 643 4277 geometria
665 4215 777 4278 est
802 4204 1121 4278 scientia
1125 4230 1313 4303 ,per
1333 4231 1545 4302 quam
1569 4205 2071 4331 cogno-scimus
2099 4227 2312 4300 mag-

294 4295 640 4384 nitudinum
673 4316 866 4390 inter
887 4341 969 4390 se
989 4317 1346 4391 rationes,
1453 4318 1600 4391 Sed
1628 4317 1974 4414 quoniam
2002 4339 2109 4387 eae
2136 4338 2310 4411 cog-

298 4414 462 4485 nosci
492 4441 626 4498 non
657 4440 980 4523 possunt,
1008 4431 1146 4504 nisi
1175 4430 1509 4527 exposita
1536 4431 1634 4505 sit
1663 4427 2032 4525 quantitas
2067 4428 2314 4523 aliqua
