3094 5125
681 470 828 537 432
969 484 1077 536 nn
1119 484 1584 537 muncu’ns
1626 483 1727 536 ET
1769 482 2521 537 RATIOCINATIONE

296 674 432 719 mr.
456 676 607 718 xvu.
680 651 1039 725 rationem
1086 660 1112 725 1
1158 652 1253 725 ad
1298 659 1436 726 100
1469 674 1631 724 esse
1681 663 1951 740 totum,
1987 652 2196 748 cujus
2232 675 2414 748 pars
2450 660 2572 724 est
2616 650 2842 723 ratio

284 745 607 865 Ram
690 773 719 839 1
755 764 852 840 ad
890 773 1023 849 103
1076 776 1153 838 et
1185 766 1544 838 rationem
1583 773 1616 837 1
1646 764 1743 838 ad
1776 773 1862 839 10
1897 767 2254 860 majorem
2290 788 2462 838 esse
2498 764 2840 838 ratione

284 873 625 986 zzoedcssgw
680 888 844 953 tota
888 887 913 952 1
959 878 1056 952 ad
1100 887 1263 954 100.
1368 879 1626 975 Itaque
1669 878 1729 951 si
1786 903 1933 975 qua
1978 878 2102 951 hic
2133 901 2309 951 vere
2368 878 2624 951 subsit
2683 879 2834 950 ab·

679 992 1026 1077 surditaS,
1063 991 1296 1066 Clavii
1331 1002 1486 1064 est:
1542 1014 1681 1064 nec
1735 992 1971 1064 solum
2021 991 2313 1064 illorum
2353 992 2488 1087 qui
2524 991 2825 1064 dicunt

677 1105 1042 1178 rationem
1106 1104 1553 1200 duplicatam
1617 1128 1777 1178 esse
1829 1104 2151 1201 duplam.
2254 1104 2480 1178 Latet
2528 1119 2818 1178 autem

678 1218 807 1291 illa
838 1217 954 1290 vel
1003 1218 1078 1290 in
1135 1230 1513 1312 assumpto
1559 1216 1742 1289 hoc:
1797 1216 1894 1289 In
1934 1215 2575 1315 magnitudinibus
2628 1218 2812 1314 qui-

679 1329 1097 1427 buscunque
1130 1329 1390 1403 ordine
1415 1329 1713 1427 positis,
1753 1328 2121 1402 rationem
2147 1329 2430 1427 primoe
2464 1329 2584 1402 ad
2605 1329 2810 1403 ulti-

679 1468 868 1516 mam
904 1443 1307 1541 composita
1342 1452 1457 1515 est
1506 1467 1604 1515 ex
1649 1440 2063 1514 rationibus
2098 1441 2560 1515 intermediis
2580 1471 2611 1515 .·
2671 1444 2804 1517 vel

677 1558 754 1631 in
827 1557 1113 1630 diverso
1173 1580 1446 1653 genere
1511 1555 1821 1629 rationis
1888 1556 2186 1652 majoris
2254 1555 2353 1628 ad
2418 1556 2682 1629 minus
2748 1581 2800 1630 a

675 1693 950 1768 genere
985 1670 1290 1744 rationis
1325 1668 1628 1743 minoris
1663 1669 1759 1742 ad
1793 1670 2051 1764 majus.
2159 1669 2410 1744 Quare
2443 1670 2795 1765 proprie-

678 1795 873 1858 tates
907 1798 1068 1857 tum
1102 1783 1469 1856 rationum
1519 1781 1778 1855 ordine
1834 1781 2261 1877 positarum,
2304 1792 2462 1854 tum
2498 1783 2794 1856 utrius-

677 1922 821 1995 que
882 1897 1171 1994 generis
1230 1896 1625 1982 rationum,
1682 1895 2107 1992 diligentius
2165 1894 2385 1991 paulo
2436 1895 2791 1969 conside-

676 2011 1024 2086 rabimuS.

774 2126 874 2200 Et
931 2123 1193 2221 primo,
1265 2122 1342 2196 in
1396 2122 1804 2195 rationibus
1866 2121 2190 2218 ejusdem
2245 2120 2559 2217 generiS,
2614 2122 2783 2196 sive

672 2238 1221 2335 magnitudines
1291 2236 1719 2309 decrescant
1785 2249 2144 2332 perpetuo
2211 2260 2258 2308 a
2322 2237 2603 2332 majore
2668 2237 2784 2311 ad

670 2352 938 2440 minuS,
975 2352 1127 2425 sive
1161 2361 1520 2447 perpetuo
1572 2360 1904 2423 crescant
1950 2374 1995 2422 a
2027 2349 2311 2423 minore
2358 2349 2456 2423 ad
2500 2351 2774 2445 majuS,

675 2465 1108 2562 compositio
1143 2486 1319 2538 vera
1371 2474 1507 2537 est.
1613 2463 1782 2536 Sint
1831 2463 2028 2535 enim
2079 2473 2229 2535 tres
2262 2464 2550 2535 numeri
2600 2471 2772 2553 100,

683 2588 798 2668 10,
841 2589 901 2667 1,
937 2602 1101 2674 quae
1138 2578 1462 2652 rationes
1499 2589 1670 2651 sunt
1706 2577 2004 2673 majoris
2039 2576 2137 2649 ad
2169 2577 2434 2651 minus,
2519 2577 2772 2650 Mani-

672 2691 943 2764 festum
996 2702 1111 2764 est
1165 2689 1524 2762 rationem
1572 2698 1711 2765 100
1746 2689 1842 2762 ad
1880 2698 1905 2763 l
1953 2690 2432 2785 compositam
2481 2713 2637 2763 esse
2672 2714 2766 2763 ex

673 2804 1081 2879 rationibus
1145 2811 1284 2878 100
1319 2802 1415 2876 ad
1455 2812 1540 2877 10
1594 2815 1671 2876 et
1716 2813 1805 2878 10
1841 2804 1932 2877 ad
1982 2814 2043 2892 1,
2098 2804 2551 2901 eandemque
2598 2818 2766 2877 tum*

674 2917 1120 3013 duplicatam
1155 2931 1315 2991 tum
1352 2916 1652 3012 duplam
1687 2940 1845 2991 esse
1889 2918 2193 2991 rationis
2229 2919 2576 2992 utriusvis
2623 2927 2760 2992 100

673 3035 769 3108 ad
814 3042 924 3123 10,
973 3035 1086 3107 vel
1152 3043 1237 3109 10
1273 3032 1368 3106 ad
1414 3044 1474 3106 1.
1582 3033 1767 3106 Item
1825 3032 2192 3120 inversim,
2254 3033 2381 3105 ubi
2435 3032 2757 3105 rationes

684 3156 745 3222 1.
796 3156 908 3222 10.
953 3157 1092 3223 100
1128 3161 1299 3222 sunt
1336 3146 1640 3220 minoris
1676 3145 1773 3218 ad
1831 3147 2092 3241 majuS‚
2142 3146 2608 3219 manifestum
2646 3158 2762 3217 est

674 3261 1035 3334 rationem
1096 3260 1578 3357 compositam
1621 3268 1650 3332 1
1695 3259 1792 3331 ad
1836 3267 1974 3333 100
2010 3259 2366 3354 aequalem
2418 3282 2576 3332 esse
2610 3281 2757 3332 am-

671 3374 904 3448 babus
972 3375 1380 3448 rationibus
1448 3381 1477 3446 1
1536 3371 1632 3445 ad
1674 3380 1762 3446 10
1820 3383 1894 3445 et
1953 3380 2040 3446 10
2088 3371 2183 3445 ad
2231 3379 2370 3447 100
2428 3372 2623 3445 inter
2679 3394 2758 3444 se

671 3487 1094 3585 aequalibus,

771 3600 1057 3676 Deinde
1109 3600 1187 3672 in
1241 3601 1356 3673 his
1411 3597 1737 3672 numeris
1784 3605 1896 3687 16,
1924 3607 1997 3688 4,
2022 3606 2093 3687 2,
2129 3599 2597 3672 manifestum
2646 3610 2754 3670 est

670 3715 1033 3790 rationem
1083 3713 1560 3810 compositam
1616 3719 1701 3785 16
1756 3712 1851 3785 ad
1887 3721 1931 3785 2
1970 3712 2326 3808 aequalem
2374 3736 2532 3786 esse
2580 3712 2747 3784 dua-

668 3829 807 3903 bus
861 3827 1266 3902 rationibus
1312 3835 1397 3900 16
1436 3825 1531 3898 ad
1566 3835 1637 3914 4,
1675 3836 1752 3898 et
1802 3836 1847 3900 4
1887 3824 1983 3898 ad
2025 3834 2111 3898 2:
2165 3848 2476 3920 quarum
2523 3825 2750 3921 prima

671 3944 860 4017 ratio
908 3939 1248 4015 secundae
1295 3949 1406 4012 est
1462 3937 1857 4033 duplicata,
1910 3948 2069 4012 tota
2127 3951 2377 4012 autem
2433 3937 2754 4035 ejusdem·

670 4055 1013 4130 secundae
1065 4052 1457 4150 triplicata.
1566 4049 1753 4124 Item
1806 4052 1884 4123 in
1932 4051 2049 4125 his
2096 4053 2421 4125 numeris
2468 4050 2746 4124 illorum

669 4170 978 4243 inversis
1032 4177 1104 4257 2,
1134 4176 1206 4255 4,
1243 4173 1356 4255 16,
1395 4165 1802 4259 composita
1851 4163 2044 4238 ratio
2091 4174 2136 4238 2
2192 4165 2286 4239 ad
2334 4171 2419 4237 16
2457 4163 2744 4260 aequalis

670 4297 786 4357 est
822 4282 1107 4356 duabus
1154 4279 1561 4353 rationibus
1597 4301 1908 4375 quarum
1955 4276 2279 4352 secunda
2330 4288 2446 4350 est
2499 4276 2746 4373 primae

670 4396 1066 4493 duplicata,
1103 4392 1512 4489 composita
1561 4391 1809 4479 autem
1843 4390 2171 4485 ejusdem
2221 4390 2479 4487 primae
2520 4388 2747 4485 tripli-¹

668 4521 856 4582 cata.
