3094 5125
283 752 290 759 ·
341 701 505 743 paor.
525 701 584 743 v.

312 771 597 806 ε-Ὓ--α

689 492 832 560 366
1137 509 1245 562 ΒΕ
1283 510 1888 564 ΜΑοΝιτυυιΝΕ
1929 509 2293 563 cmcum.

681 677 777 750 ad
811 700 1065 751 arcum
1115 678 1562 776 descriptum
1607 679 1701 752 ab
1736 678 1891 766 ΑΕ,
1926 678 2033 751 ita
2084 700 2299 749 arcus
2353 673 2762 769 descriptus

678 791 772 863 ab
807 792 950 863 AX
986 791 1081 864 ad
1115 791 1238 865 DS
1273 793 1389 865 vel
1425 792 1585 866 Ro.
1656 792 1818 865 Erit
1850 792 2074 865 etiam
2094 803 2180 863 ut
2202 787 2520 862 semissis
2545 810 2763 860 arcus

680 904 812 978 BD
848 905 943 978 ad
977 907 1350 980 semissem
1384 930 1599 980 arcus
1645 904 1995 1001 descripti
2040 904 2135 977 ad
2171 903 2325 991 AE,
2362 902 2466 974 ita
2512 900 2757 973 semis·

675 1018 778 1091 sis
810 1042 1026 1092 arcus
1061 1019 1410 1117 descripti
1461 1020 1555 1093 ab
1591 1020 1732 1091 AX
1767 1018 1863 1091 ad
1899 1018 2057 1091 Ro,
2159 1013 2534 1089 Transibit
2579 1036 2755 1107 ergo

677 1154 891 1205 arcus
925 1131 1017 1204 ab
1064 1132 1206 1205 AX
1243 1156 1377 1228 per
1409 1145 1766 1229 punctum
1796 1131 1885 1204 Ο.
1994 1129 2140 1204 Sed
2175 1129 2312 1202 AO
2353 1126 2597 1201 media
2642 1137 2758 1199 est

679 1245 1248 1340 proportionalis
1282 1246 1474 1318 inter
1509 1244 1807 1340 duplam
1842 1244 1981 1316 AR
2003 1255 2080 1316 et
2106 1255 2384 1316 rectam
2409 1240 2568 1315 Ro,
2620 1240 2756 1312 Est

680 1369 929 1430 autem
984 1357 1241 1431 eadem
1282 1358 1417 1431 AO
1475 1356 1716 1429 media
1768 1354 2333 1452 proportionalis
2386 1353 2577 1426 inter
2621 1352 2753 1424 AB

681 1480 757 1543 et
793 1480 1108 1564 quatuor
1160 1471 1317 1567 ejus
1352 1470 1646 1567 quintas
1678 1501 1697 1553 ς
1751 1482 1826 1542 et
1859 1481 2253 1565 propterea
2275 1477 2521 1564 potest
2564 1465 2751 1538 vice-

679 1583 977 1679 cuplum
1012 1584 1168 1679 ejus
1203 1583 1400 1679 quod
1433 1595 1679 1678 potest
1711 1605 1882 1678 pars
1917 1581 2175 1678 quinta
2209 1579 2395 1653 radii
2429 1580 2607 1662 AB;
2675 1577 2754 1651 id

679 1709 816 1786 est,
854 1696 1290 1793 quadratum
1320 1698 1412 1770 ab
1450 1697 1584 1770 ΑΟ
1621 1708 1735 1769 est
1767 1694 1862 1769 ad
1898 1694 2335 1792 quadratum
2372 1693 2632 1767 ABCD
2666 1703 2754 1765 ut

676 1821 721 1884 4
747 1811 842 1885 ad
871 1820 938 1884 5.
1013 1811 1260 1886 Quare
1289 1811 1728 1907 quadratum
1755 1812 1848 1883 ab
1885 1810 2018 1883 Ro
2047 1821 2160 1882 est
2190 1809 2285 1883 ad
2313 1807 2752 1905 quadratum

677 1924 941 1997 ABCD
976 1936 1062 1996 ut
1099 1935 1143 1999 2
1181 1926 1276 1999 ad
1313 1934 1381 2003 5.

783 2035 1054 2110 Coroll.
1080 2038 1127 2111 i.
1183 2038 1532 2133 Sequitur
1566 2038 1762 2125 hinc,
1791 2037 1853 2109 si
1887 2035 2201 2108 ducatur
2235 2047 2439 2107 recta
2466 2033 2600 2132 gd
2624 2057 2748 2130 pa·

678 2148 929 2222 rallela
963 2149 1110 2239 BC,
1151 2173 1404 2224 secans
1438 2148 1571 2222 AB
1606 2149 1682 2221 in
1713 2173 1798 2247 g,
1851 2148 2052 2221 illam
2087 2146 2207 2245 dg
2240 2147 2555 2221 mediam
2591 2169 2750 2220 esse

677 2262 1304 2358 proportionalem
1339 2262 1532 2335 inter
1567 2262 1703 2359 Ag
1736 2274 1812 2334 et
1846 2261 2077 2357 ipsam
2115 2261 2280 2359 dg3
2333 2273 2412 2335 et
2441 2259 2752 2356 proinde

678 2375 1033 2448 utramvis
1085 2398 1337 2448 earum
1392 2374 1748 2471 aequalem
1804 2397 1959 2446 esse
2011 2374 2315 2448 dimidio
2374 2397 2585 2448 arcus
2617 2397 2753 2469 per

681 2486 838 2575 BD,
874 2487 951 2560 id
986 2500 1098 2560 est
1132 2488 1488 2585 aequalem
1523 2509 1683 2559 esse
1717 2487 1921 2559 arcui
1956 2488 2098 2561 BP.

786 2598 1067 2673 Coroll.
1128 2600 1203 2674 ii.
1308 2601 1502 2676 Quia
1569 2600 1706 2674 Ad
1765 2613 2008 2697 potest
2063 2602 2526 2698 quintuplum
2592 2602 2753 2696 ejus

680 2711 879 2807 quod
913 2724 1156 2808 potest
1189 2712 1617 2787 semiradius
1644 2714 1791 2804 BE,
1825 2715 2099 2810 poterit
2132 2714 2251 2813 dg
2287 2714 2755 2810 quintuplum

679 2825 837 2920 ejus
871 2825 1068 2921 quod
1120 2837 1366 2923 potest
1417 2839 1680 2922 quarta
1730 2850 1899 2922 pars
1944 2827 2133 2900 radii
2178 2828 2351 2911 AB;
2405 2838 2480 2901 et
2518 2827 2753 2900 ambae

675 2938 891 3010 simul
943 2938 1019 3011 in
1068 2964 1288 3013 unam
1337 2952 1615 3013 rectam
1666 2940 2089 3036 compositae
2143 2951 2452 3038 possunt
2497 2938 2753 3012 decem

677 3051 1103 3126 semiradios
1135 3085 1153 3138 ;
1207 3052 1538 3150 sequitur
1586 3076 1748 3126 eam
1783 3077 1948 3149 quae
1981 3066 2221 3149 potest
2256 3054 2509 3129 decem
2544 3051 2750 3126 semi-

679 3164 948 3255 radioS,
985 3167 1341 3264 aequalem
1376 3190 1532 3241 esse
1567 3167 1768 3240 arcui
1806 3167 1959 3240 BD.

1386 3390 1882 3443 PROPOSITIO
1921 3392 2036 3443 vl.

780 3516 1014 3592 Recta
1046 3519 1169 3592 DS
1205 3520 1503 3617 aequalis
1550 3534 1663 3594 est
1703 3521 1984 3594 duabus
2027 3521 2300 3617 quintis
2345 3544 2559 3594 arcus
2595 3519 2750 3594 BD.

779 3629 961 3703 Cum
1000 3633 1198 3704 enim
1237 3633 1358 3704 DS
1383 3635 1544 3729 (per
1577 3634 2150 3730 praecedentem)
2186 3634 2428 3707 media
2461 3635 2556 3707 sit
2588 3658 2754 3731 pro-

677 3742 1108 3839 portionalis
1144 3745 1333 3817 inter
1367 3746 1497 3819 AB
1521 3746 1636 3820 vel
1670 3747 1822 3836 DC,
1853 3760 1929 3820 et
1963 3746 2143 3820 duas
2179 3747 2403 3843 ipsius
2437 3748 2752 3844 quintas,

678 3856 819 3928 erit
872 3881 1086 3930 arcus
1145 3858 1260 3930 ST
1320 3859 1562 3933 media
1613 3861 2181 3956 proportionalis
2250 3861 2441 3933 inter
2499 3885 2751 3934 arcum

677 3969 809 4043 BD
863 3983 937 4043 et
987 3970 1168 4044 duas
1220 3972 1509 4067 quintas
1552 3985 1795 4070 partes
1850 3974 2174 4070 ejusdem
2220 3997 2456 4048 arcus,
2563 3975 2754 4047 Sunt

672 4094 922 4156 autem
976 4085 1323 4157 continue
1370 4087 1955 4182 proportionales
2016 4087 2179 4160 duae
2232 4088 2506 4183 quintae
2565 4086 2753 4160 radii

676 4196 808 4268 AB
844 4197 958 4269 vel
993 4198 1146 4286 DC,
1186 4211 1388 4272 recta
1435 4200 1582 4288 DS,
1631 4212 1833 4274 recta
1884 4200 2037 4289 DC,
2075 4224 2288 4274 arcus
2324 4200 2505 4284 BD;
2577 4224 2753 4272 con-

675 4310 879 4382 tinue
933 4313 1151 4384 etiam
1210 4315 1795 4409 proportionales
1836 4314 1999 4388 duae
2033 4315 2308 4410 quintae
2345 4337 2556 4385 arcus
2594 4313 2750 4401 BD,

673 4432 872 4495 totus
922 4448 1134 4498 arcus
1171 4427 1308 4515 ST,
1347 4439 1423 4501 et
1468 4453 1684 4503 arcus
1737 4428 1894 4501 BD.
1997 4427 2142 4502 Sed
2178 4428 2253 4501 in
2287 4439 2598 4520 utroque
2632 4450 2752 4498 or-
