3094 5125
317 711 452 754 GAP.
483 713 663 757 xxm.

344 783 630 817 54&

292 841 361 883 De
380 843 625 898 quantitate

290 911 422 950 recte
442 909 690 964 composita

290 984 348 1014 ex
379 972 502 1016 radio
522 973 692 1026 circuli,

290 1042 373 1082 etc.

719 505 865 572 458
994 520 1104 571 DE
1146 518 1610 573 PRINCIPIIS
1651 518 1754 573 ET
1792 518 2532 572 RA'rloclNA'rmNE

715 686 874 761 AB.
978 686 1126 760 Sed
1171 697 1259 759 ut
1295 684 1547 777 }radii
1581 685 1714 759 AB
1763 685 1861 760 ad
1913 685 2234 759 mediam
2285 683 2430 774 Ed,
2486 684 2609 756 ita
2667 694 2892 756 sunt

718 800 865 874 duo
923 799 1319 889 semiradii,
1356 799 1434 872 id
1468 810 1584 873 est
1619 799 1780 886 AB,
1825 799 1922 873 ad
1967 798 2284 872 mediam
2335 798 2540 869 inter
2575 796 2744 869 AB
2790 808 2889 868 et

717 915 1041 1010 quinque
1077 913 1529 987 semiradiOS.
1634 914 1770 986 Est
1801 924 2052 986 autem
2093 912 2266 1002 ΒΜ,
2303 924 2388 984 ut
2424 909 2666 984 modo
2717 910 2876 982 de-

716 1039 1206 1102 monstratum
1247 1041 1384 1116 est,
1431 1026 1679 1100 media
1726 1027 1924 1100 inter
1957 1027 2091 1099 AB
2127 1038 2203 1099 et
2236 1025 2567 1123 quinque
2603 1025 2870 1097 semi-

714 1141 983 1215 radios.
1089 1141 1280 1215 Sunt
1315 1164 1494 1238 ergo
1524 1139 1663 1227 Db,
1700 1140 1844 1230 Dd,
1881 1140 2043 1230 DC,
2068 1141 2243 1231 ΒΜ,
2271 1149 2349 1212 et
2382 1138 2860 1236 quintuplus

715 1252 1174 1341 semiradius,
1211 1252 1561 1326 continue
1620 1253 2230 1349 proportionales,
2335 1252 2584 1325 Ducta
2638 1274 2855 1345 ergo

715 1366 861 1453 Ad,
898 1376 971 1439 et
1005 1366 1390 1461 producta,
1424 1365 1704 1439 incidet
1736 1366 1816 1439 in
1849 1366 1933 1438 M
1964 1394 1981 1438 ε
2035 1377 2430 1462 propterea
2465 1363 2675 1460 quod
2720 1376 2856 1437 est

714 1491 803 1552 ut
836 1479 985 1552 ΜΒ
1020 1479 1117 1553 ad
1154 1479 1308 1567 BA,
1363 1480 1470 1551 ita
1516 1478 1671 1568 BA,
1733 1478 1811 1552 id
1856 1492 1969 1551 est
2015 1480 2177 1568 AD,
2220 1479 2317 1551 ad
2352 1477 2498 1551 Dd.
2608 1478 2847 1552 Quo·

715 1593 916 1665 niam
951 1616 1128 1688 ergo
1165 1592 1751 1665 demonstratum
1788 1602 1923 1680 est,
1963 1615 2124 1687 cap.
2163 1616 2286 1678 xx,
2326 1602 2401 1664 et
2430 1590 2845 1664 defensum

718 1731 879 1802 cap.
914 1706 1065 1794 xxi,
1104 1719 1364 1779 contra
1401 1705 1854 1800 Hugenium‚
1891 1705 2018 1801 qui
2051 1704 2434 1801 problema
2463 1704 2609 1776 hoc
2643 1728 2842 1800 pro-

715 1820 1147 1893 fundissime
1200 1817 1761 1914 contemplatuS‚
1811 1830 1886 1891 et
1933 1842 2026 1891 ex
2057 1817 2437 1914 principiis
2483 1817 2839 1892 Euclidis

716 1933 1262 2007 accuratissime
1289 1932 1770 2005 ratiocinatus
1807 1943 1942 2017 est,
1964 1943 2243 2004 rectam
2272 1932 2419 2004 ΒΜ
2450 1931 2830 2027 aequalem

716 2071 873 2121 esse
902 2047 1106 2120 arcui
1144 2046 1299 2132 BD,
1336 2045 1790 2142 eandemque
1849 2045 2072 2119 modo
2121 2045 2411 2118 ostendi
2447 2045 2827 2140 aequalem

716 2184 873 2234 esse
909 2160 1171 2234 mediae
1223 2159 1417 2233 inter
1464 2159 1596 2232 AB
1632 2170 1705 2232 et
1740 2159 2060 2256 quinque
2097 2160 2436 2232 semisses
2472 2157 2821 2255 ejusdem

713 2275 872 2365 AB,
910 2275 1263 2373 sequitur,
1299 2285 1688 2371 propterea
1721 2272 1918 2369 quod
1974 2272 2107 2344 AB
2164 2285 2279 2345 est
2326 2270 2576 2345 radius
2628 2295 2822 2366 qua-

716 2389 1000 2462 drantis
1034 2388 1333 2485 aequalis
1368 2399 1594 2461 rectae
1630 2385 1803 2475 ΒΜ,
1840 2396 2118 2458 rectam
2155 2384 2283 2458 Dd
2323 2406 2484 2457 esse
2517 2383 2818 2457 radium

714 2503 1144 2600 quadrantis
1180 2501 1477 2599 aequalis
1513 2499 1649 2574 AB
1680 2532 1699 2586 ;
1754 2512 1829 2574 et
1865 2497 2047 2573 duas
2082 2499 2378 2595 quintas
2412 2496 2604 2571 radii
2640 2496 2812 2588 AB,

713 2641 977 2713 nempe
1012 2616 1148 2703 Db,
1177 2639 1333 2688 esse
1367 2614 1658 2688 radium
1691 2614 2119 2712 quadrantis
2147 2612 2315 2697 Dd3
2353 2626 2429 2686 et
2459 2611 2810 2708 denique,

712 2740 993 2802 rectam
1031 2729 1180 2801 ΒΜ
1216 2750 1374 2801 6556
1422 2726 1711 2800 radium
1766 2725 2197 2823 quadrantis
2254 2725 2554 2822 aequalis
2590 2725 2807 2821 quin-

713 2840 940 2936 tuplae
976 2841 1134 2925 CN,
1170 2840 1248 2913 id
1304 2849 1416 2914 est
1468 2840 1856 2937 quintuplo
1902 2839 2319 2913 semiradio.
2427 2838 2644 2912 Unde
2678 2863 2808 2912 ex-

714 2954 953 3050 surgit
1020 2955 1268 3044 etiam,
1330 2965 1611 3027 rectam
1679 2953 1817 3027 Dd
1872 2953 2231 3049 aequalem
2297 2976 2454 3026 esse
2524 2952 2803 3027 duabus

717 3066 992 3165 quintis
1048 3091 1263 3140 arcus
1311 3066 1468 3141 BD.
1576 3067 1763 3141 Quae
1823 3067 2071 3139 omnia
2114 3066 2302 3139 vidit
2355 3064 2674 3162 quidem,
2726 3075 2800 3138 et

715 3179 951 3254 edidit
984 3182 1348 3278 Josephus
1385 3179 1753 3275 Scaliger:
1808 3178 1939 3251 sed
1992 3202 2162 3252 cum
2223 3202 2374 3252 non
2428 3189 2628 3252 recte
2674 3177 2796 3250 de-

713 3306 1215 3382 monstrasset,
1260 3294 1636 3367 damnavit
1678 3292 1858 3388 ipse,
1903 3292 2006 3365 nil
2061 3291 2406 3365 dubitans
2459 3292 2550 3365 de
2600 3291 2794 3388 prin·

713 3406 922 3503 cipiis
941 3407 1303 3480 Euclidis:
1341 3406 1471 3480 sed
1495 3417 1889 3502 postquam
1913 3404 2175 3478 fuisset
2204 3405 2542 3479 convitiis
2565 3405 2792 3477 Clavii

711 3519 1197 3592 acerbissimis
1234 3530 1603 3592 oneratus,

812 3630 1379 3704 Consideremus
1417 3656 1616 3705 nunc
1650 3629 1907 3704 eadem
1934 3630 2094 3703 haec
2130 3630 2207 3703 in
2241 3631 2590 3704 numeris,
2672 3629 2787 3703 Ad

713 3744 859 3819 ΒΜ
893 3745 1282 3843 adjiciatur
1316 3744 1442 3817 Me
1477 3744 1778 3839 aequalis
1808 3744 1938 3818 ΡΩ
1967 3775 1985 3828 ;
2024 3742 2311 3838 eritque
2347 3743 2464 3816 Ne
2498 3743 2784 3842 aequalis

712 3860 878 3948 OQ,
915 3859 993 3932 id
1028 3870 1140 3932 est
1174 3856 1327 3943 GV,
1361 3856 1438 3929 id
1495 3869 1608 3930 est
1660 3856 1900 3929 tertiae
1952 3855 2148 3952 parti
2208 3856 2580 3930 semiradii
2616 3854 2780 3940 BG;

710 3973 1025 4046 semissis
1060 3983 1306 4045 autem
1343 3978 1565 4043 rectae
1602 3969 1740 4056 Ne,
1767 3969 1893 4066 qui
1920 3970 2018 4042 sit
2044 3968 2185 4058 Nr,
2213 3969 2356 4043 erit
2388 3982 2596 4044 sexta
2628 3992 2781 4066 pars

710 4086 1034 4185 ejusdem
1074 4085 1221 4160 BG.
1248 4067 1263 4082 ⁶

807 4200 970 4273 Erit
1025 4222 1202 4295 ergo
1245 4197 1685 4296 quadratum
1719 4220 1766 4270 a
1799 4193 1930 4272 BG
1966 4196 2246 4292 aequale
2284 4203 2377 4269 36
2417 4195 2776 4291 quadratis

708 4315 805 4388 ad
858 4312 995 4387 Nr.
1097 4314 1230 4386 Est
1283 4324 1527 4386 autem
1589 4321 1799 4385 recta*
1844 4309 1983 4383 BN
2037 4309 2521 4407 octodecupla
2570 4310 2776 4407 ipsius

708 4428 846 4516 Nr,
900 4440 974 4502 et
1021 4426 1329 4524 proinde
1384 4426 1824 4523 quadratum
1881 4425 2038 4521 ejus
2098 4424 2376 4522 aequale
2433 4433 2575 4499 324
2615 4447 2772 4519 qua-
