3094 5125
684 444 778 522 78
1112 461 1650 514 ΕΧΑΜῙΝΑΤῙΟ
1693 462 1794 513 n‘r
1833 461 2329 513 EMnNnA‘rio

307 654 611 697 numana
674 625 994 698 metrica
1059 626 1342 700 rationi
1403 627 1874 726 geometricae
1940 627 2201 701 eadem
2266 636 2406 715 est,
2476 625 2771 723 quando

314 804 324 821 ,
430 737 493 777 ¹¹·
591 805 599 820 ,
682 763 909 812 causa
943 738 1204 836 aliqua
1235 740 1494 813 eadem
1528 739 1930 837 aequalibus
1963 738 2412 838 temporibus
2444 738 2771 836 <aqualia

650 853 996 951 facien&
1031 853 1390 926 rationem
1422 863 1818 951 utramque
1852 853 2321 928 determinat.

779 967 880 1040 A.
931 966 1286 1039 Definitio
1321 991 1495 1040 sane
1521 967 1681 1040 haec
1710 966 2258 1042 accuratissima
2292 979 2430 1056 est,
2459 988 2771 1062 genera-

678 1080 1104 1178 tionemque
1165 1082 1661 1178 proportionis
1719 1081 1928 1178 quasi
1986 1091 2160 1154 ante
2222 1081 2472 1155 oculos
2531 1080 2768 1176 ponit.

681 1194 830 1268 Sed
861 1194 1226 1284 EuclideS,
1261 1218 1394 1292 per
1427 1218 1636 1268 suam
1669 1193 2133 1292 hypothesin,
2168 1194 2544 1267 rationum
2592 1193 2769 1266 doc-

677 1308 949 1381 trinam
970 1309 1047 1381 in
1067 1308 1450 1382 Elemento
1474 1310 1734 1405 quinto
1757 1306 2190 1381 solidissime
2212 1306 2766 1380 demonstravit.

679 1422 894 1494 Anne
946 1421 1385 1496 tantundem
1441 1422 1621 1495 fecit
1676 1421 2015 1495 Hobbius
2072 1443 2206 1516 per
2264 1420 2766 1494 definitionem

680 1556 886 1606 suam
915 1533 941 1605 ‚²

780 1646 880 1722 B.
916 1647 1466 1722 Demonstravit
1491 1673 1644 1722 non
1665 1648 1886 1721 modo
1908 1648 2203 1722 easdem
2225 1645 2768 1744 propositiones

679 1784 858 1859 quas
890 1761 1256 1852 EuclideS‚
1293 1762 1422 1837 sed
1451 1764 1675 1836 etiam
1700 1761 2093 1835 nonnullas
2129 1760 2308 1834 alias
2342 1784 2493 1834 non
2521 1760 2767 1833 minus

678 1874 1030 1965 difficiles,
1082 1899 1178 1949 ne
1230 1875 1526 1973 quidem
1577 1874 1909 1948 Wallisio
1966 1874 2127 1971 ipso
2179 1873 2761 1946 contradicente.

680 1988 874 2061 Nam
933 1988 1076 2062 hoc
1138 1989 1374 2063 solum
1429 1988 1522 2061 de
1582 1986 1725 2060 illis
1791 1986 2256 2084 pronunciat,
2325 2009 2467 2059 non
2518 1985 2768 2059 videri

672 2102 917 2200 ipsiu-s·
949 2127 1137 2175 esse.

778 2215 876 2289 A.
932 2215 1020 2288 Id
1078 2227 1213 2304 est,
1283 2215 1498 2287 simul
1560 2225 1637 2287 et
1695 2213 1950 2287 laudat
2011 2224 2089 2286 et
2145 2211 2451 2286 invidet.
2560 2209 2765 2286 Quid

676 2329 934 2401 scribis
967 2328 1046 2401 in
1079 2327 1559 2425 pugillaribus
1590 2325 1616 2398 Ρ

773 2438 869 2513 Β.
924 2439 1123 2513 Noto
1185 2438 1384 2536 quod
1441 2439 1517 2511 in
1581 2439 1838 2513 Graeco
1897 2461 2032 2535 pro
2090 2435 2617 2533 multiplicibus
2667 2436 2760 2509 ab

674 2552 980 2628 Euclide
1036 2552 1305 2626 dicitur
1357 2567 1777 2636 πολλαπλάσια,
1835 2565 1912 2624 et
1965 2575 2101 2648 pro
2149 2550 2760 2647 multiplicatione

672 2679 1224 2757 πολλαπλασιασμός.
1328 2666 1521 2741 Nam
1581 2674 1941 2753 (ἀναλόγως)
1995 2675 2397 2754 διπλασιασμὸς
2458 2664 2759 2737 deberet

673 2779 861 2853 verti
919 2779 1359 2878 dupIicatiO,
1416 2790 1491 2853 et
1550 2790 1859 2864 διπλασιός,
1920 2776 2112 2850 Sicut
2169 2788 2244 2851 et
2315 2788 2624 2851 διπλασίων
2683 2789 2758 2851 et

675 2904 1117 2983 διπλασιασθεῖς,
1153 2893 1417 2990 duplus
1452 2893 1568 2966 vel
1604 2891 2035 2988 duplicatus,

771 3008 844 3079 Α
853 3064 869 3081 .
927 3006 1128 3083 Quid
1161 3030 1337 3104 ergo
1370 3008 1395 3080 ἓ

770 3122 869 3194 B.
928 3121 1278 3218 Magnam
1339 3119 1521 3193 facit
1579 3116 1950 3190 Wallisius
2010 3114 2498 3189 differentiam
2565 3114 2758 3188 inter

668 3237 1055 3323 rationem,
1101 3234 1400 3332 duplam
1447 3244 1524 3305 et
1559 3227 2029 3327 duplicatam,
2077 3229 2374 3325 triplam
2410 3240 2488 3301 et
2521 3228 2756 3324 tripli-

669 3362 935 3441 catam,
971 3361 1141 3440 etc.,
1182 3361 1341 3423 tum
1376 3348 1455 3421 in
1491 3344 1822 3420 Elenclzo
1856 3355 2118 3418 contra
2154 3342 2559 3432 Hobbium,
2597 3355 2754 3415 tum

668 3463 747 3536 in
782 3473 1104 3537 tractatu
1139 3459 1568 3535 Elenchtico
1604 3468 1866 3532 contra
1898 3456 2426 3553 Meybomium.

768 3578 866 3649 A.
920 3578 1162 3651 Tanto
1197 3585 1309 3649 est
1342 3573 1736 3648 indoctior.
1841 3570 1989 3644 Sed
2023 3594 2162 3666 ego
2197 3569 2336 3643 tibi
2370 3568 2751 3664 negotium

668 3690 852 3765 illud
899 3689 1116 3764 facile
1168 3687 1547 3786 expedib0.
1626 3683 1970 3759 Euclides
2022 3684 2219 3757 enim
2257 3682 2562 3755 vocibus
2610 3680 2752 3753 illis

666 3821 718 3882 6
719 3817 924 3877 πλασι*
879 3842 957 3882 ος
991 3816 1070 3879 et
1112 3814 1338 3873 διὶπλασ
1320 3837 1415 3872 em
1460 3823 1597 3897 pro
1632 3799 1890 3873 eadem
1923 3822 2005 3871 re
2039 3796 2453 3895 promiscue
2488 3795 2751 3882 utitur,

664 3924 856 3998 sicut
909 3916 1155 3991 Latini
1206 3914 1428 4012 vulgo
1481 3911 1786 4011 duplum
1838 3923 1913 3985 et
1962 3909 2445 4009 duplicatum.
2549 3908 2750 3981 Voce

662 4046 984 4115 διπλασίων,
1046 4028 1267 4103 etiam
1326 4028 1404 4101 in
1458 4025 2057 4124 proportionibus
2117 4024 2354 4096 utitur
2408 4020 2750 4095 Euclides

660 4173 795 4246 pro
847 4143 1093 4240 dupla.
1210 4142 1406 4236 Lege
1464 4137 1984 4236 propositionis
2045 4135 2323 4210 ultimae
2383 4134 2749 4208 Elementi

661 4262 837 4336 noni
871 4270 1159 4333 textum
1201 4255 1563 4328 Graecum.

760 4374 859 4449 B.
912 4385 1013 4444 ἐὰν
1052 4382 1162 4442 ἀπὸ
1198 4379 1440 4457 μονάδος
1484 4382 1774 4440 ὁποσοιοῦν
1813 4380 2031 4457 ἄριθμοι
2080 4376 2197 4446 ἑξῆς
2250 4377 2532 4434 ἐκτεθῶσιν
2584 4376 2647 4433 ἐν
2683 4379 2750 4454 τῇ
