3094 5125
677 547 1522 602 PROPORTIONAMBUS
1564 550 1655 601 IN
1698 549 2064 601 GENERE.
2268 538 2412 604 483

332 725 538 787 recto
571 710 1009 811 adjacentia,
1042 738 1212 788 cum
1246 714 1694 789 subtendens
1728 716 1854 789 illa
1884 740 2035 789 non
2071 715 2169 789 sit
2202 715 2418 808 linea,
2486 748 2813 790 APPENDIX.

335 826 469 901 sed
526 826 893 900 minutum
948 827 1448 924 triangulum;
1503 831 1710 926 cujus
1756 830 1819 904 si
1863 841 2222 926 punctum
2255 852 2422 901 ver·
2504 818 2785 852 *ff

333 941 551 1014 ticale
599 952 1069 1037 computetur
1125 964 1262 1037 pro
1315 941 1572 1032 nihil0‚
1613 944 1971 1016 terminus
2030 944 2218 1017 alter
2277 943 2421 1015 erit

336 1055 690 1150 trianguli
726 1055 992 1128 minuti
1021 1054 1241 1129 basis,

438 1169 626 1241 Cum
679 1168 874 1242 enim
924 1168 1090 1242 duae
1136 1181 1360 1242 rectae
1390 1167 1544 1258 BA,
1584 1169 1709 1243 BC
1741 1181 2099 1266 punctum
2144 1169 2424 1241 habent

336 1305 722 1354 commune
746 1281 807 1354 B
836 1282 1246 1376 quantitate
1282 1304 1539 1355 carens
1565 1313 1584 1367 ;
1637 1283 1700 1356 si
1726 1282 1819 1355 ab
1849 1282 2109 1356 eodem
2142 1292 2422 1378 puncto

337 1397 400 1469 B
436 1395 749 1470 ducatur
801 1395 1021 1469 tertia
1068 1412 1274 1468 reeta
1311 1395 1588 1469 faciens
1642 1397 1994 1492 angulum
2029 1419 2420 1491 quemcun-

339 1533 482 1606 que
518 1532 687 1582 cum
724 1508 856 1580 BA
889 1507 1005 1579 vel
1040 1506 1188 1596 BC,
1223 1507 1349 1581 illa
1395 1509 1617 1581 tertia
1648 1509 1951 1606 propior
1986 1510 2127 1582 erit
2159 1508 2423 1581 utrivis

338 1623 648 1696 duarum
706 1620 861 1708 BA,
920 1617 1069 1710 BC,
1136 1643 1355 1715 quam
1414 1621 1651 1695 altera
1703 1646 1955 1695 earum
2015 1621 2225 1694 alteri
2257 1653 2276 1706 ;
2346 1635 2422 1694 et

334 1744 730 1832 propterea
762 1733 1063 1807 habebit
1108 1734 1327 1808 tertia
1380 1733 1506 1808 illa
1554 1759 1723 1808 cum
1781 1736 2060 1809 utravis
2094 1736 2423 1833 priorum

334 1849 502 1945 plus
563 1871 781 1944 quam
831 1859 1189 1943 punctum
1248 1870 1662 1938 commune,
1698 1848 1777 1922 id
1812 1861 1926 1922 est
1958 1872 2419 1921 communem

335 1973 646 2058 partem.
727 1960 978 2035 Quare
1004 1971 1153 2033 tres
1173 1959 1318 2033 illae
1340 1974 1563 2035 rectae
1597 1985 1748 2035 una
1782 1962 2181 2059 eademque
2206 1972 2423 2034 erunt

336 2087 562 2159 reeta.
639 2075 829 2149 Item
863 2085 1163 2170 propter
1197 2073 1507 2146 eandem
1541 2099 1861 2164 causam,
1890 2086 2129 2148 totum
2165 2073 2421 2147 circuli

333 2190 636 2287 planum
670 2188 814 2261 erit
845 2187 1041 2259 linea
1073 2199 1300 2261 recta.
1381 2186 1602 2262 Quod
1637 2189 1813 2262 satis
1847 2201 1962 2262 est
1994 2187 2417 2261 absurdum.

438 2301 670 2374 Recta
703 2324 880 2396 ergo
915 2300 1362 2373 subtendens
1405 2323 1542 2396 pro
1591 2300 1785 2374 linea
1814 2301 2071 2374 haberi
2101 2325 2250 2373 non
2284 2325 2420 2396 po-

335 2425 504 2504 test,
556 2414 698 2488 nisi
757 2437 922 2509 quae
968 2413 1062 2487 sit
1108 2412 1512 2509 diagonalis
1569 2415 1930 2510 quadrati.
2036 2414 2172 2487 Illa
2224 2414 2419 2487 enim

337 2528 601 2603 dividit
653 2527 1004 2625 angulum
1071 2538 1360 2601 rectum
1418 2526 1803 2601 bifariam:
1873 2527 1953 2601 id
2013 2526 2211 2624 quod
2270 2552 2421 2600 non

337 2642 514 2716 facit
584 2642 989 2739 diagonalis
1057 2641 1469 2738 rectanguli
1526 2665 1676 2721 non
1737 2642 2098 2738 quadrati.
2203 2641 2421 2715 Unde

339 2778 640 2828 necesse
686 2766 800 2827 est
839 2756 1396 2827 numerantibus
1432 2754 1815 2851 quadrata,
1851 2756 2055 2851 (quia
2087 2755 2422 2827 minutis-

340 2869 504 2941 simi
562 2868 913 2963 trianguli
963 2868 1181 2958 basis,
1217 2868 1859 2966 quantulacunque
1911 2893 1999 2943 ea
2034 2869 2152 2958 sit,
2189 2893 2422 2964 quan-

338 2981 516 3055 titas
576 2991 826 3055 tamen
894 2981 1068 3074 est),
1135 3005 1359 3054 unam
1428 2992 1507 3054 et
1561 2981 1871 3055 eandem
1930 2982 2421 3080 quantitatem

340 3095 604 3192 saepius
637 3117 1051 3168 numerare.

441 3208 520 3282 Si
554 3207 871 3304 denique
917 3206 1144 3281 cubos
1196 3208 1395 3303 ipsos
1430 3230 1565 3303 per
1598 3231 1942 3282 numeros
1978 3208 2419 3304 investigare

337 3322 695 3411 volumus,
764 3320 1210 3417 impossibile
1278 3320 1616 3410 volumus
1649 3353 1668 3404 ;
1740 3321 1914 3417 quia
1979 3320 2421 3417 quadratum

340 3436 903 3532 multiplicatum
936 3458 1069 3531 per
1101 3458 1487 3507 numerum
1524 3433 1704 3507 facit
1729 3457 2014 3531 semper
2040 3435 2418 3532 quadrata,

341 3571 655 3644 quorum
686 3548 891 3621 nulla
924 3547 1318 3621 multitudo
1353 3548 1577 3621 faciet
1612 3549 1903 3622 cubum.

443 3661 679 3735 Causa
713 3686 889 3757 ergo
926 3684 1152 3758 quare
1198 3660 1657 3757 problemata
1708 3660 1857 3751 illa,
1893 3660 2245 3734 metiendi
2279 3661 2418 3733 cir-

342 3774 611 3865 culum,
649 3773 1071 3871 duplicandi
1106 3775 1398 3862 cubum,
1429 3772 1805 3847 dividendi
1842 3774 2214 3869 angulum,
2241 3772 2425 3845 divi-

342 3887 566 3960 dendi
599 3887 986 3975 rationem,
1009 3898 1084 3959 et
1117 3885 1262 3960 alia
1294 3886 1528 3959 multa
1562 3886 1861 3959 inventa
1885 3886 2238 3958 hactenus
2274 3910 2424 3958 non

340 3999 636 4089 fuerint,
659 3998 861 4071 nulla
892 3999 1251 4094 assignari
1277 4011 1519 4095 potest
1555 4011 1825 4094 praeter
1857 3999 2029 4071 bas:
2074 4006 2158 4072 10.
2203 3999 2425 4074 Quod

341 4112 436 4185 ad
471 4137 559 4185 ea
592 4110 1032 4185 invenienda
1065 4112 1275 4185 abusi
1310 4124 1485 4185 sunt
1511 4111 2012 4184 arithmetica:
2065 4119 2161 4188 2⁰.
2201 4112 2425 4186 Quod

341 4249 625 4299 errores
685 4224 1153 4319 antiquorum
1214 4225 1663 4298 recentiores
1734 4224 2040 4296 nimium
2093 4226 2422 4298 venerati

342 4350 535 4414 sunt.
642 4346 738 4411 3⁰.
793 4336 1014 4413 Quod
1048 4339 1173 4433 qui
1208 4362 1490 4412 errores
1523 4338 1688 4412 illos
1732 4339 1979 4414 conati
2014 4351 2188 4411 sunt
2223 4339 2422 4413 dete-

2070 4474 2098 4524 1
2128 4475 2153 4524 1
2192 4479 2221 4521 2
