3094 5125
574 448 722 517 258
1222 470 1330 520 DE
1372 470 1712 523 NATURA
1749 466 2024 525 annis.

573 630 962 705 demissam
1016 634 1090 706 in
1147 636 1529 732 recipienS,
1573 650 1743 735 post
1792 638 2105 713 suctoris
2156 638 2440 734 aliquot
2476 638 2664 712 reci-

571 746 1035 842 procationes
1095 748 1201 822 ita
1244 749 1529 841 bullire,
1580 774 1668 824 ac
1728 752 1791 824 si
1849 751 2231 848 supposito
2292 752 2463 848 igne
2516 750 2665 824 fer-

571 867 921 932 vesceret.

676 973 772 1046 A.
829 970 916 1045 Id
949 997 1239 1070 quoque
1290 974 1563 1049 accidit
1604 983 1909 1072 propter
1942 975 2410 1051 velocitatem
2446 975 2662 1066 aeria,

571 1095 658 1158 ut
727 1085 1007 1159 dictum
1077 1100 1212 1178 est,
1278 1089 1355 1161 in
1415 1089 1812 1185 recipiente
1874 1089 2446 1174 circumeuntis;
2515 1090 2661 1162 nisi

569 1196 763 1271 forte
825 1223 1094 1295 aquam
1147 1201 1371 1293 illam,
1443 1201 1621 1274 dum
1685 1201 1923 1291 bullit,
1993 1202 2307 1276 calidam
2368 1226 2658 1299 quoque

571 1333 727 1383 esse
788 1311 1377 1409 deprehendatis,
1482 1315 1678 1387 Nam
1734 1315 1797 1387 si
1855 1315 2037 1387 certi
2085 1339 2404 1389 essemus
2454 1316 2661 1389 illam

569 1424 735 1519 plus
772 1426 1159 1517 calescere,
1195 1428 1339 1501 alia
1387 1451 1608 1501 causa
1656 1427 2122 1524 phaenomeni
2168 1429 2660 1525 excogitanda

571 1547 783 1612 esset.

669 1650 764 1724 B.
817 1652 1000 1743 Imo,
1038 1653 1222 1727 certi
1257 1676 1507 1727 sumus
1542 1654 1743 1750 quod
1769 1678 1917 1728 non
1950 1653 2115 1751 plus
2156 1653 2457 1729 calescit
2489 1678 2656 1729 sen-

570 1763 900 1838 sibiliter.

670 1877 770 1951 A.
810 1877 1011 1952 Quid
1024 1901 1200 1976 ergo
1212 1880 1344 1952 tali
1363 1904 1578 1976 aquae
1600 1878 1831 1952 motui
1844 1878 2179 1953 conferre
2198 1904 2414 1977 posse
2435 1895 2654 1978 putas

566 1992 921 2085 maj0rem
955 1992 1071 2065 vel
1106 1993 1467 2067 minorem
1511 1991 2022 2087 atmosphaerae
2057 1993 2551 2088 gravitatem?

669 2103 768 2177 B.
822 2104 1079 2201 Neque
1113 2106 1317 2179 illum
1352 2118 1640 2179 motum
1673 2104 2109 2195 attribuunt,
2137 2117 2344 2202 puto,
2381 2119 2654 2182 atmos-

563 2215 935 2401 PhZTaeAb
987 2329 1128 2402 hoc
1182 2331 1686 2426 experimento
1747 2329 2216 2404 manifestum
2271 2343 2404 2422 est,
2450 2332 2650 2428 quod

561 2442 923 2536 recipiens
947 2465 1080 2537 per
1114 2443 1576 2515 exuctionem
1611 2442 1827 2531 hanc,
1855 2466 2078 2538 quam
2109 2446 2388 2518 vocatis
2433 2450 2645 2536 aeriS,

562 2579 716 2628 non
743 2556 829 2627 fit
861 2579 1197 2629 vacuum.
1276 2556 1470 2629 Nam
1505 2556 1786 2629 moveri
1816 2580 2009 2653 aqua
2040 2582 2193 2631 non
2226 2560 2471 2654 potuit
2504 2561 2649 2634 nisi

563 2691 608 2739 a
641 2680 984 2741 movente
1020 2670 1264 2766 aliquo
1299 2683 1501 2743 moto
1552 2680 1628 2743 et
1675 2671 2045 2767 contiguo.
2151 2673 2410 2769 Itaque
2442 2675 2647 2771 phae-

561 2802 956 2852 nomenum
990 2781 1132 2853 hoc
1169 2780 1870 2856 demonstrationem
1907 2785 2426 2880 suppositionis
2460 2811 2645 2861 meae

560 2893 939 2966 continere
1007 2893 1301 2968 videtur
1360 2919 1509 2968 non
1571 2896 1961 2970 infirmam.
2077 2897 2466 2989 Praeterea,
2522 2900 2643 2975 dic

558 3006 761 3095 mihi,
796 3006 1227 3080 bullientem
1266 3032 1533 3104 aquam
1567 3009 1945 3105 potuistin’
1984 3011 2409 3108 conspicere
2440 3011 2465 3084 ἓ

661 3119 760 3192 Β.
816 3120 1016 3196 Quid
1049 3122 1177 3194 ni?
1540 3131 1543 3134 ’

656 3233 756 3306 Α.
811 3233 1076 3307 Nonne
1120 3234 1479 3309 visionem
1520 3235 1682 3308 fieri
1736 3234 2154 3318 concedunt
2199 3239 2445 3328 vestri,
2509 3263 2642 3334 per

554 3345 921 3419 actionem
947 3348 1372 3422 continuam
1407 3348 1499 3420 ab
1527 3348 1817 3444 objecto
1852 3348 1949 3421 ad
1974 3349 2318 3423 oculum?
2372 3351 2640 3426 Nonne

555 3462 779 3535 etiam
843 3475 1108 3560 putant
1174 3466 1541 3539 actionem
1609 3487 1904 3537 omnem
1973 3489 2128 3539 esse
2195 3478 2500 3558 motum,
2562 3479 2639 3543 et

554 3598 847 3648 omnem
914 3589 1199 3650 motum
1268 3601 1427 3651 esse
1512 3577 1840 3673 corporis
1870 3578 1896 3650 Ρ
2001 3578 2390 3654 Quomodo
2458 3605 2635 3678 ergo

550 3689 793 3784 potuit
852 3690 943 3761 ab
1003 3689 1321 3786 objecto,
1379 3714 1646 3787 nempe
1705 3714 1919 3786 aqua,
1977 3692 2084 3765 *ad
2151 3694 2402 3768 oculos
2470 3706 2636 3768 tuos

549 3815 794 3876 motus
829 3827 960 3897 per
985 3827 1322 3892 vacuum,
1350 3802 1429 3876 id
1464 3814 1576 3876 est
1610 3827 1742 3899 per
1771 3828 2243 3901 non-corpuS‚
2268 3793 2633 3880 derivari?

651 3916 747 3989 B.
801 3915 974 3989 Non
1020 3916 1387 3988 affirmant
1438 3916 1676 3989 nostri
1721 3916 1827 3989 ita
1860 3941 2171 3991 vacuum
2233 3943 2391 3993 esse
2444 3920 2633 3994 reci-

546 4028 778 4125 piens,
817 4038 901 4101 ut
934 4027 1177 4101 nullus
1214 4027 1514 4101 omnino
1553 4052 1680 4102 aer
1712 4029 2013 4103 relictus
2048 4032 2167 4104 sit.

645 4140 736 4214 A.
792 4141 920 4214 Nil
953 4140 1178 4214 refert
1212 4164 1307 4214 an
1343 4151 1583 4214 totum
1618 4143 1979 4238 recipiens
2012 4168 2329 4218 vacuum
2379 4147 2497 4236 sit,
2534 4170 2631 4220 an

547 4279 813 4350 magna
881 4257 1037 4352 ejus
1105 4278 1298 4352 pars.
1431 4255 1628 4329 Nam
1708 4257 2069 4329 utrumvis
2148 4271 2625 4356 supponatur,

543 4367 901 4442 derivatio
930 4380 1172 4443 motus
1198 4370 1289 4442 ab
1317 4369 1608 4465 objecto
1636 4368 1731 4444 ad
1766 4371 2060 4444 oculum
2093 4372 2623 4470 intercipietur.
