3094 5125
945 483 1502 537 PnonLnMA'rA
1541 484 1929 537 PanmA.
2335 472 2415 537 31
2443 472 2471 537 l

502 651 601 726 B.
655 653 740 726 In
779 652 1168 727 reddendis
1215 654 1453 726 causis
1487 652 1946 727 naturalibus
2000 652 2195 726 ultra
2233 652 2484 725 verisi-

400 764 570 837 mile
605 765 712 838 ire
757 765 1172 839 hominibus
1224 790 1376 839 non
1424 766 1875 839 conceditur.
1979 765 2482 839 Veruntamen

400 879 705 952 meliora
736 879 896 952 haec
932 891 1124 966 sunt,
1154 903 1373 974 quam
1406 892 1491 953 ut
1518 890 1648 953 aut
1674 903 1970 953 causam
1993 880 2485 953 descensionis

400 992 737 1089 gravium
804 992 1132 1066 dicamus
1193 1017 1349 1066 esse
1419 993 1884 1089 gravitatem,
1945 994 2073 1066 ubi
2136 994 2487 1089 quaeritur

404 1129 626 1179 causa
677 1107 1108 1203 gravitatis:
1162 1117 1292 1180 aut
1347 1106 1544 1202 quod
1599 1108 1854 1203 gravia
1905 1131 1952 1180 a
2008 1120 2207 1181 terra
2259 1120 2487 1180 attra-

403 1218 701 1308 huntur,
723 1244 891 1293 cum
920 1221 1275 1317 quaeritur
1302 1220 1673 1317 quomodo
1699 1221 2197 1309 attrahuntur,
2227 1221 2491 1316 quibus

405 1331 749 1405 nimirum
783 1335 1019 1422 uncis,
1059 1333 1323 1430 quibus
1357 1333 1679 1406 funibuS.

504 1442 597 1517 A.
650 1445 933 1518 Vellem
968 1446 1191 1519 etiam
1223 1446 1365 1519 hoc
1401 1447 1612 1535 scire,
1642 1470 1774 1518 cur
1809 1456 2007 1520 terra
2029 1446 2314 1519 facilius
2348 1446 2490 1518 hoc

407 1569 614 1630 motu
646 1582 895 1632 aerem
926 1559 1167 1656 rejicit
1201 1583 1418 1656 quam
1455 1559 1599 1632 alia
1631 1584 1964 1656 corpora.

510 1670 607 1744 B.
663 1671 936 1744 Globus
978 1672 1264 1746 telluris
1317 1684 1518 1746 totus
1555 1697 1723 1746 cum
1775 1673 1870 1746 sit
1914 1672 2068 1746 aeri
2110 1671 2492 1767 undequa-

409 1807 551 1880 que
613 1784 1033 1881 contiguus‚
1094 1785 1277 1858 nihil
1363 1785 1667 1881 rejicere
1734 1810 1903 1859 aere
1964 1786 2165 1882 prius
2220 1796 2489 1880 potest.

409 1896 756 1992 Rejectus
826 1898 1041 1970 simul
1109 1921 1355 1970 aerem
1414 1897 1833 1994 proximum
1901 1898 2185 1971 facilius
2241 1909 2489 1970 movet

408 2034 626 2107 quam
662 2009 862 2083 aliud
898 2034 1186 2107 corpuS,
1225 2010 1732 2106 qualecunque
1779 2010 1961 2083 illud
1994 2013 2073 2083 in
2119 2033 2290 2082 aere
2333 2033 2491 2083 esse

409 2122 845 2219 contigerit:
899 2135 1292 2220 propterea
1326 2123 1524 2219 quod
1561 2123 1827 2196 similia
1860 2147 2174 2218 corpora
2220 2124 2492 2197 similes

409 2248 654 2309 motus
682 2236 1025 2308 facillime
1059 2237 1470 2333 recipiunt:
1507 2237 2124 2332 quemadmodum
2158 2235 2493 2310 accidere

410 2349 741 2422 videmus
775 2350 848 2421 in
879 2348 1173 2423 chordis
1196 2349 1506 2422 duarum
1539 2349 1864 2447 lyrarum
1886 2350 2220 2423 similiter
2239 2350 2492 2439 tensiS,

409 2461 537 2534 ubi
604 2461 895 2558 pulsata
953 2485 1122 2551 una,
1182 2463 1598 2536 concutitur
1661 2463 1805 2536 alia
1864 2462 2198 2536 similiter
2257 2477 2494 2552 tensa,

410 2576 552 2648 etsi
606 2599 757 2648 non
814 2576 1170 2671 proxima.
1275 2576 1554 2650 Praeter
1608 2600 1851 2650 aerem
1898 2588 2171 2666 autem,
2229 2601 2496 2672 corpus

411 2688 695 2760 nullum
723 2700 836 2761 est
869 2688 1068 2785 quod
1096 2700 1375 2763 motum
1409 2713 1560 2762 non
1580 2690 1849 2763 habeat
1883 2690 2222 2785 aliquem,
2247 2713 2498 2786 quam-

412 2824 632 2897 quam
677 2800 1137 2890 invisibilem,
1185 2803 1505 2898 partium
1564 2826 1861 2876 suarum
1916 2805 2315 2891 internum,
2351 2828 2497 2898 quo

413 2925 678 2988 natura
712 2916 867 3010 ejus
904 2913 1053 2987 sive
1099 2916 1378 3010 species
1436 2914 1529 2988 ab
1588 2916 1918 2988 omnium
1970 2916 2281 2989 aliorum
2331 2940 2497 2990 cor-

412 3051 674 3124 porum
710 3028 993 3100 naturis
1028 3038 1104 3099 et
1132 3026 1512 3123 speciebus
1549 3026 2025 3124 distinguitur
2072 3040 2148 3101 et
2199 3028 2497 3125 dignos-

417 3141 635 3214 citur.

511 3254 606 3328 A.
662 3254 850 3329 Quae
878 3276 1099 3326 causa
1132 3263 1244 3326 est
1281 3252 1480 3349 quod
1506 3253 1763 3349 gravia
1795 3253 2133 3351 quaedam
2161 3279 2496 3352 corpora,

412 3379 499 3440 ut
532 3367 798 3464 lignea,
852 3365 984 3438 sed
1019 3389 1200 3438 cava
1233 3376 1310 3437 et
1345 3366 1629 3462 repleta
1678 3367 1977 3463 pulvere
2042 3368 2316 3441 nitrato
2373 3369 2498 3441 ali-

414 3480 847 3577 quantulum
880 3479 1305 3552 humectato
1340 3509 1357 3550 :
1412 3503 1854 3576 quamquam
1889 3481 2196 3577 lignum,
2232 3495 2308 3554 et
2341 3482 2497 3578 pul-

415 3595 525 3667 vis
579 3593 724 3684 ille,
772 3607 845 3666 et
900 3593 1189 3682 humor,
1243 3594 1489 3666 omnia
1540 3601 1690 3667 sint
1742 3595 2034 3691 gravia:
2090 3596 2501 3669 ascendunt

418 3718 666 3784 tamen
700 3706 914 3778 simul
948 3718 1166 3802 atque
1200 3706 1438 3803 pulvis
1465 3730 1818 3780 accensus
1854 3707 1998 3780 sit?

516 3819 614 3890 B.
671 3819 951 3893 Eadem
986 3844 1150 3916 quae
1184 3831 1556 3894 sustentat
1600 3822 1971 3895 hominem
2008 3832 2387 3895 natantem
2421 3822 2498 3894 in

417 3931 739 4005 flumine.
845 3933 1039 4006 Nam
1085 3934 1308 4006 homo
1345 3946 1705 4008 sustentat
1754 3958 1854 4024 se,
1892 3959 2155 4031 aquam
2190 3933 2501 4030 pedibus

417 4045 863 4140 repellendo.
967 4046 1211 4141 Ignita
1265 4071 1342 4119 se
1401 4049 1721 4122 allevant
1782 4047 2199 4146 repellendo
2253 4070 2498 4120 aerem

417 4159 736 4231 flamma.

516 4274 615 4343 A.
668 4272 816 4344 Vas
852 4295 1160 4361 aeneum,
1199 4273 1314 4346 vel
1366 4298 1456 4347 ex
1504 4276 1650 4348 alia
1683 4274 1991 4348 materia
2022 4275 2254 4369 gravi,
2290 4285 2502 4346 nata-

416 4386 548 4474 bit,
584 4381 644 4457 si
679 4385 774 4458 sit
809 4407 1120 4480 superne
1158 4410 1501 4460 concava.
1610 4389 1850 4462 Quam
1881 4388 1976 4460 ob
2012 4386 2349 4460 causam?

517 4498 612 4570 B.
672 4499 786 4573 Ita
820 4496 1137 4592 quidem,
1173 4500 1232 4572 si
1270 4499 1364 4572 sit
1404 4502 1579 4574 satis
1628 4523 1975 4588 concava,
2010 4510 2096 4571 ut
2142 4509 2498 4593 quantum

2603 678 2736 719 cAP.
2769 677 2809 717 1.

2538 808 2607 854 Do
2625 808 2849 866 gravitate.
