3094 5125
801 501 1426 554 MATHEMATmAE
1467 501 1951 553 nonmRNAE.
2270 490 2404 555 149

339 665 866 760 demonstrare,
903 693 1123 766 quam
1155 668 1620 765 paucioribus
1674 692 1825 741 non
1880 667 2403 746 demonstrare.
2479 699 2776 741 mamona

340 780 686 877 Sequitur
719 781 983 854 Aureae
1019 781 1319 877 Regulae
1340 782 1607 877 praxis,
1628 780 1707 853 id
1727 792 1861 870 est,
1885 781 2215 878 exempla
2236 806 2407 879 ope-
2592 782 2674 821 Π·
2761 848 2771 863 ,

337 894 645 966 rationis
714 894 1063 991 vulgaria.
1193 894 1500 984 Deinde,
1561 894 1974 991 exemplum
2026 895 2249 985 aliud,
2283 897 2412 969 ubi

335 1008 691 1102 quaeritur
724 1018 953 1106 quota
986 1008 1171 1080 hora
1201 1008 1305 1081 sit
1340 1007 1656 1081 Athenis
1689 1007 1983 1106 quando
2038 1017 2153 1081 est
2215 1009 2413 1083 Oxo-

333 1119 469 1192 m'oe
504 1130 776 1194 octava
801 1148 828 1193 .·
865 1122 1073 1217 cujus
1107 1122 1353 1218 praxis
1388 1122 1589 1195 nulla
1615 1145 1773 1195 esse
1824 1132 2089 1218 potest,
2124 1124 2264 1197 nisi
2322 1125 2411 1199 iis

334 1234 456 1329 qni
493 1234 746 1307 sciunt
790 1234 1196 1308 doctrinam
1251 1236 1579 1332 sphaerae,
1614 1246 1688 1309 et
1736 1236 2174 1310 circulorum
2226 1261 2411 1333 quos

334 1349 407 1421 in
441 1349 571 1421 illa
599 1350 976 1422 finxerunt
1013 1351 1441 1422 astronomi.
1546 1349 1609 1421 Ii
1642 1372 1816 1422 vero
1857 1349 2039 1422 nulli
2063 1361 2257 1439 sunt,
2285 1351 2411 1446 qui

333 1485 482 1535 non
517 1462 851 1558 regulam
885 1462 1074 1535 hanc
1107 1476 1281 1536 ante
1317 1463 1759 1536 didicerunt.
1827 1462 2001 1535 Non
2036 1475 2194 1536 erat
2229 1487 2408 1559 ergo

331 1574 775 1648 arithmetici
808 1574 948 1648 hoc
985 1575 1272 1666 docere,
1309 1578 1515 1673 cujus
1550 1589 1665 1648 est
1692 1579 1937 1649 omnia
1971 1576 2234 1649 docere
2283 1578 2409 1651 ab-

331 1700 606 1760 stracte
672 1713 721 1760 a
776 1688 993 1761 rebus
1053 1690 1475 1777 numeratiS,
1535 1689 1615 1762 id
1670 1700 1807 1772 est,
1877 1689 2406 1764 universaliter.

330 1799 637 1891 Deinde,
676 1801 873 1897 qnod
905 1803 1267 1875 monitum
1311 1802 1661 1875 lectorem
1696 1803 1951 1892 voluit,
1989 1829 2083 1876 ne
2113 1803 2409 1901 quando

304 1913 595 2008 fraudi
617 1914 747 2003 sit,
785 1914 977 2010 quod
1005 1939 1095 1987 ea
1133 1923 1480 2013 tanquam
1519 1915 2133 2014 proportionalia
2187 1914 2412 1988 habe-

334 2037 579 2116 antur,
614 2053 782 2125 qaoe
807 2027 1417 2126 proportionalia
1451 2054 1592 2101 non
1624 2037 1815 2116 sunt,
1855 2028 1950 2101 ad
2003 2029 2407 2102 arithmeti-

337 2164 491 2212 cam
526 2164 683 2214 non
711 2141 1055 2237 pertinet,
1083 2142 1212 2215 sed
1246 2142 1340 2214 ad
1392 2141 1950 2239 philosophiam,
1986 2154 2071 2214 ut
2127 2166 2217 2214 ex
2277 2165 2408 2215 suo

335 2254 564 2350 ipsius
621 2254 951 2351 exemplo
1018 2267 1130 2328 est
1199 2256 1692 2329 manifestum.
1804 2255 2083 2345 Posito,
2144 2256 2407 2353 inquit,

336 2369 536 2467 quod
550 2367 873 2466 pondus,
905 2369 1288 2466 gravitate
1318 2394 1459 2442 sua
1499 2380 1787 2458 motum,
1825 2368 2102 2442 duobus
2137 2379 2408 2468 tempo-

336 2483 443 2554 ris
493 2481 870 2554 momentis
908 2490 1005 2556 20
1025 2482 1272 2582 pede-s·
1326 2483 1766 2568 descendo&
1817 2492 2196 2582 quaeratur
2228 2494 2407 2583 quot

323 2595 565 2693 pedes
602 2595 1117 2668 descensurum
1149 2596 1250 2669 sit
1277 2597 1644 2670 momentis
1677 2605 1789 2672 10.
1881 2597 1971 2670 Si
1978 2599 2138 2692 fiat
2159 2597 2404 2671 multi-

323 2708 649 2806 plicatio
674 2708 952 2785 numeri
1004 2709 1214 2781 tertii
1252 2733 1403 2807 per
1437 2710 1849 2799 secundum,
1886 2720 2104 2807 atque
2136 2711 2404 2784 divisio

322 2821 680 2919 producti
688 2845 835 2918 per
841 2822 1192 2919 primum
1203 2822 1542 2919 prodibit
1566 2833 1891 2920 quartus,
1929 2831 2093 2898 100.
2148 2823 2258 2896 At
2277 2822 2413 2897 ille'

334 2958 673 3007 uumerus
700 2935 1010 3031 quoesito
1043 2959 1185 3009 non
1218 2935 1627 3032 satiqfacit.

437 3048 534 3120 Β.
588 3047 855 3120 Nonne
890 3071 1066 3145 ergo
1114 3047 1412 3144 Regulae
1447 3049 1713 3123 Aureae
1750 3048 2104 3139 definitio,
2134 3048 2405 3123 tradita

336 3160 548 3234 initio
573 3160 790 3256 hujus
826 3161 1126 3258 Capitis»,
1161 3161 1343 3235 falsa
1375 3175 1486 3235 est
1509 3161 1535 3234 Ρ

439 3273 538 3347 A.
591 3274 923 3348 Minime.
994 3274 1141 3348 Sed
1174 3298 1519 3348 numerus
1554 3275 1680 3371 qui
1712 3275 1787 3347 in
1822 3299 1973 3348 nna
2005 3274 2402 3370 quaestione

342 3387 701 3460 secundus
746 3398 881 3477 est,
941 3387 1020 3460 in
1079 3387 1223 3461 alia
1275 3388 1495 3461 debet
1546 3388 1855 3462 fortasse
1918 3412 2072 3462 esse
2117 3388 2402 3462 tertius.

344 3500 724 3588 Praeterea,
749 3501 1100 3597 qnaeritur
1133 3500 1550 3596 aliquandO,
1573 3499 1764 3573 datis
1791 3501 2024 3574 tribus
2057 3503 2402 3592 numeriS,

344 3616 503 3712 quis
540 3617 635 3689 sit
670 3616 766 3689 ad
798 3616 1097 3691 tertium
1131 3616 1209 3688 in
1242 3616 1530 3688 ratione
1585 3615 1802 3710 primi
1857 3615 1948 3686 ad
2005 3615 2403 3687 secundum

344 3728 709 3825 duplicata
740 3730 857 3802 vel
883 3730 1273 3826 triplicata,
1302 3751 1437 3825 pro
1473 3729 1757 3800 ratione
1793 3751 2036 3801 rerum
2071 3751 2408 3801 numera-

343 3852 626 3923 tarnmz
678 3854 761 3915 ut
794 3842 869 3915 in
925 3841 1065 3915 hac
1111 3843 1269 3937 ipsa
1303 3840 1728 3937 quaestione,
1773 3840 1900 3913 ubi
1946 3841 2198 3936 gravia
2254 3862 2409 3912 non

344 3966 776 4049 percurrunt
809 3955 1044 4050 spatia
1077 3955 1155 4027 in
1200 3953 1454 4026 eadem
1508 3954 1814 4042 ratione,
1852 3953 1981 4026 sed
2037 3953 2113 4026 in
2171 3951 2408 4048 dupli-

346 4080 510 4140 cata
540 4081 1079 4140 momentorum
1135 4066 1528 4163 temporis;
1580 4077 1666 4139 ut
1698 4090 1742 4138 a
1776 4065 2055 4140 Galileo
2117 4065 2414 4138 demon-

345 4191 653 4253 stratum
682 4179 895 4251 estin
932 4179 1261 4275 Dialogis
1284 4179 1378 4251 de
1404 4178 1622 4251 Motu
1646 4210 1666 4263 3
1722 4178 1798 4250 id
1821 4179 2018 4275 quod
2043 4177 2417 4251 Wallisius

345 4293 634 4365 nesciit.
702 4290 870 4364 Qua
901 4292 1184 4364 ratione
1205 4291 1662 4365 descendunt
1686 4292 1960 4386 gravia,
1987 4292 2103 4363 vel
2128 4289 2355 4363 fluida
2375 4312 2416 4362 e

343 4430 510 4480 vase
533 4405 865 4494 effluunt,
889 4427 1036 4477 non
1060 4416 1168 4478 est
1189 4404 1631 4478 arithmetici
1656 4403 1942 4491 docere,
1964 4403 2092 4477 sed
2112 4403 2416 4502 physici.
