3094 5125
649 455 794 520 338
1194 470 1747 525 montaum-A
1788 473 2171 526 ΡπγειοΑ.

305 657 439 697 cn·
476 662 532 699 v.
649 660 1079 734 quacunque
1114 637 1593 734 homogenea,
1628 653 1705 712 et
1755 640 1947 712 illius
1992 641 2385 713 terminum
2421 639 2722 737 quidem

331 785 395 826 n.»
420 787 529 827 aum
645 749 958 822 alterum
1007 774 1229 824 manu
1275 764 1553 840 teneaS,
1589 753 1947 826 terminus
1997 766 2244 826 autem
2290 753 2477 825 alter
2526 753 2721 826 cale-

324 856 366 891 ⁰¹
389 851 516 895 ''¹⁰¹¹¹·
645 864 773 935 fiat
825 862 1000 935 dum
1056 865 1470 955 candescat,
1506 868 1782 964 poteris
1828 891 1989 940 eam
2028 868 2251 940 etiam
2298 867 2403 939 sic
2449 867 2721 939 inaesus

644 987 917 1050 tenere.
1019 978 1293 1050 Verum
1328 979 1386 1051 si
1422 980 1637 1051 simul
1671 991 1924 1053 teneas
1959 991 2035 1053 et
2073 991 2360 1076 partem
2396 978 2717 1052 canden-

642 1100 792 1163 tem
847 1091 1090 1165 subito
1138 1092 1550 1187 extinguaS,
1598 1117 1857 1166 manus
1905 1094 2040 1166 tibi
2094 1094 2198 1166 ita
2244 1094 2720 1167 vehementer

641 1215 920 1292 uretur,
956 1216 1041 1278 ut
1077 1215 1327 1279 tenere
1361 1205 1561 1279 illam
1596 1205 1869 1280 diutius
1902 1230 2054 1280 non
2087 1206 2344 1303 possiS.

739 1316 837 1390 A.
892 1317 1093 1391 Nota
1124 1341 1240 1391 res
1275 1329 1405 1392 est.

745 1431 837 1502 B.
892 1430 1118 1504 Vides
1169 1455 1368 1527 ergo,
1419 1444 1502 1504 ut
1561 1445 1803 1507 motus
1856 1434 2176 1531 partium
2224 1434 2318 1506 ab
2361 1432 2428 1504 A
2461 1454 2716 1505 versus

643 1542 703 1616 C
737 1554 814 1616 et
849 1542 910 1617 B
957 1544 1461 1618 vehementior
1507 1545 1740 1618 multo
1795 1546 2034 1620 factus
2096 1546 2195 1620 sit
2244 1569 2463 1643 quam
2513 1557 2714 1632 ante,

640 1668 860 1752 atque
895 1657 1119 1730 etiam
1165 1657 1241 1730 in
1293 1657 1544 1754 spatiis
1601 1659 2036 1732 arctioribus
2079 1670 2384 1756 propter
2428 1657 2713 1731 extinc-

637 1769 915 1843 tionem
967 1771 1286 1868 partium
1343 1771 1816 1845 inferiorum:
1887 1782 2112 1868 utque
2172 1772 2409 1845 omnis
2470 1783 2713 1846 motus

635 1882 955 1979 partium
983 1884 1412 1959 inferiorum
1436 1885 1684 1959 unitus
1709 1887 1805 1959 sit
1829 1886 2183 1982 paulatim
2217 1887 2295 1960 in
2319 1895 2595 1982 puncto
2622 1886 2707 1961 B.

635 1997 883 2092 Atque
916 1997 1088 2071 hinc
1120 1999 1282 2072 fieri
1314 1999 1558 2088 credo,
1585 2010 1668 2073 ut
1693 2000 1925 2073 cauda
1961 1999 2086 2072 illa
2109 1997 2266 2088 BC,
2291 2022 2711 2095 quanquam

637 2110 869 2200 exiliS,
892 2110 1311 2185 difficillime
1330 2121 1577 2185 tamen
1599 2111 2005 2207 frangatur.
2060 2111 2430 2186 Quoniam
2456 2124 2709 2185 autem

637 2233 876 2297 motus
921 2223 1044 2297 hie
1101 2224 1177 2296 in
1241 2224 1576 2298 omnibus
1619 2224 1792 2297 vitri
1837 2224 2215 2320 particulis
2270 2247 2417 2297 non
2469 2225 2706 2297 solum

635 2336 1008 2409 circularis
1048 2349 1184 2425 est,
1232 2336 1361 2410 sed
1415 2338 1637 2410 etiam
1678 2348 2130 2434 propagatur
2174 2338 2250 2411 in
2305 2337 2703 2434 longitudi-

632 2473 801 2522 nem
836 2473 882 2522 a
912 2448 1142 2523 fundo
1167 2450 1230 2520 A
1258 2448 1353 2522 ad
1387 2449 1762 2545 cuspidem
1787 2450 1890 2522 B:
1926 2462 2229 2547 propter
2256 2451 2706 2524 reactionem

630 2585 983 2657 vaporum
1011 2585 1099 2634 ex
1127 2585 1315 2659 aqua
1341 2561 1693 2636 calefacta
1723 2562 1800 2635 in
1826 2575 2114 2660 guttam
2137 2562 2281 2636 AA
2302 2565 2702 2659 agentium,

631 2685 829 2748 totus
866 2685 1107 2748 motus
1142 2675 1427 2771 spiralis
1459 2677 1611 2764 fiet,
1650 2686 1724 2749 et
1755 2700 1888 2772 per
1929 2677 2134 2750 illum
2170 2677 2593 2752 diffindetur
2626 2690 2704 2753 et

631 2787 1092 2883 torquebitur
1137 2789 1443 2862 materia
1473 2789 1711 2863 vitrea
1758 2792 1848 2865 ab
1894 2792 2044 2864 imo
2088 2791 2185 2865 ad
2226 2815 2586 2865 summum
2622 2793 2701 2866 in

629 2899 753 2973 fila
800 2901 1035 2974 vitrea
1080 2902 1661 2991 innumerabilia,
1713 2915 1798 2977 ut
1851 2905 2038 2977 fiunt
2089 2903 2169 2976 in
2226 2906 2609 2979 arboribus
2655 2931 2701 2980 a

629 3037 846 3086 succo
881 3025 1225 3110 surgente
1259 3038 1402 3111 quo
1434 3015 1861 3088 nutriuntur
1895 3016 2019 3088 fila
2052 3016 2316 3112 lignea.

729 3126 1010 3222 Itaque,
1067 3128 1128 3201 si
1180 3127 1488 3202 caudam
1550 3128 1749 3201 illam
1783 3127 1996 3201 ACB
2042 3128 2294 3203 flectas
2351 3129 2697 3225 (exempli

627 3241 876 3333 causa)
918 3241 995 3313 in
1029 3241 1130 3315 C:
1180 3241 1262 3314 id
1312 3241 1509 3338 quod
1543 3244 1894 3338 majorem
1927 3241 2236 3337 requirit
2269 3242 2440 3333 vim,
2477 3266 2698 3338 quam

627 3352 790 3447 quis
849 3352 1062 3426 facile
1113 3353 1488 3427 crederet:
1552 3353 1677 3426 fila
1725 3354 1851 3427 illa
1899 3353 2133 3427 vitrea
2183 3355 2432 3429 omnia
2479 3356 2694 3429 simul

624 3466 896 3537 flecteS.
1023 3466 1265 3564 Atque
1340 3466 1597 3540 eadem
1665 3467 1856 3540 flexa
1920 3467 2389 3556 tenebuntur,
2459 3467 2694 3541 donee

625 3590 838 3674 rupto
896 3578 1090 3652 vitro
1145 3579 1222 3652 in
1274 3580 1334 3653 C
1384 3579 1601 3653 simul
1653 3579 1900 3652 omnia
1964 3578 2391 3653 liberentur.
2503 3580 2693 3654 Tum

620 3716 795 3765 vero
830 3690 1072 3764 subito
1109 3691 1323 3764 simul
1364 3692 1611 3766 omnia
1662 3691 1993 3766 resilient
2032 3691 2263 3785 (velut
2296 3716 2509 3766 arcus
2543 3694 2691 3768 fra-

618 3804 785 3900 gilis
820 3815 898 3877 et
932 3804 1236 3876 nimium
1281 3816 1556 3894 tensus,
1607 3815 1828 3900 rupto
1873 3803 2133 3899 nervo)
2175 3804 2251 3877 in
2298 3806 2690 3900 particulas

619 3917 1208 3992 innumerabiles,

719 4032 817 4106 A.
869 4031 1074 4105 Nihil
1105 4030 1587 4105 verisimilius.
1690 4032 1785 4105 Et
1837 4041 2122 4119 natura,
2175 4031 2235 4103 si
2287 4030 2366 4104 in
2416 4031 2561 4105 alia
2607 4054 2688 4104 re

617 4143 789 4232 ulla,
824 4143 902 4218 in
946 4144 1086 4217 hac
1133 4168 1209 4217 se
1258 4143 1606 4240 prodidit,
1644 4154 1720 4216 et
1771 4143 1848 4215 in
1899 4141 2024 4216 illa
2072 4141 2163 4215 de
2226 4144 2687 4218 restitutione

616 4256 1047 4330 laminarum
1080 4258 1154 4330 in
1178 4255 1504 4331 ballistis
1581 4257 1749 4332 Quo
1775 4257 2256 4351 phaenomeno
2283 4257 2683 4355 suppositio
