3094 5125
814 1404 1297 1488 CONTRA
1360 1405 2117 1489 GEOMETRAS·.

1273 1717 1668 1728 ----.

1274 1733 1668 1743 ————

531 1943 871 2018 CONTRA
931 1955 1368 2042 geometraS,
1431 1946 1665 2018 amice
1731 1945 1985 2031 lector,
2044 1968 2193 2017 non
2248 1954 2507 2017 contra

429 2057 907 2151 geometriam
979 2057 1137 2131 haec
1207 2058 1466 2131 scribo.
1597 2059 1857 2131 Artem
1924 2058 2182 2154 ipsam,
2235 2058 2507 2130 artium

430 2170 848 2267 navigandi,
918 2170 1355 2259 aedificandi,
1424 2170 1801 2268 pingendi,
1863 2170 2362 2266 computandi,
2433 2181 2508 2243 et

430 2281 745 2378 denique
810 2284 1163 2374 (scientiae
1226 2283 1555 2357 omnium
1620 2284 2123 2377 nobilissimae)
2185 2283 2507 2381 physicae

428 2408 764 2486 matrem,
792 2421 1001 2494 aeque
1034 2421 1120 2471 ac
1144 2398 1269 2493 qui
1304 2397 1618 2470 maxime
1651 2396 1986 2470 laudibus
2015 2396 2507 2471 extollendam

428 2532 714 2583 censen.

532 2623 902 2697 Caeterum
935 2624 1060 2697 ubi
1094 2635 1491 2720 geometrae
1514 2623 1863 2697 encomiis
1893 2624 2070 2697 artis
2093 2647 2313 2720 quam
2337 2648 2509 2720 pro-

431 2736 753 2826 fitentur,
802 2738 1139 2834 imperite
1192 2762 1287 2811 an
1341 2749 1580 2812 astute
1633 2738 1906 2822 nescio,
1952 2761 2120 2811 suas
2181 2738 2507 2833 ipsorum

429 2846 683 2922 laudes
740 2850 1179 2936 immiscent,
1213 2851 1494 2924 licitum
1550 2851 1754 2941 mihi,
1790 2863 2000 2948 puto,
2051 2851 2192 2924 erit
2248 2850 2509 2924 distin-

428 2984 678 3056 guere.
785 2962 1175 3036 Quomodo
1231 2974 1474 3035 autem
1523 2963 1906 3037 scientiam
1959 2964 2150 3037 hanc
2208 2963 2508 3037 laudare

428 3074 710 3147 soleant
744 3074 1074 3170 magistri
1103 3077 1283 3170 eju8‚
1314 3099 1402 3148 ex
1438 3100 1588 3149 uno
1618 3076 1869 3150 Clavio
1905 3076 2315 3174 intelligere
2341 3101 2510 3172 pos·

427 3211 703 3277 sumus»,
738 3187 1086 3261 laudante
1133 3187 1333 3261 illam
1388 3189 1467 3262 in
1518 3189 2060 3286 Prolegomenis
2112 3190 2208 3264 ad
2258 3190 2506 3263 Eucli-

430 3300 596 3374 dem
629 3301 771 3374 hoc
804 3300 1069 3373 modo:
1124 3305 1173 3339 “
1196 3301 1275 3375 Si
1311 3325 1483 3374 vero
1520 3302 1863 3374 nobilitas
1899 3314 2121 3398 atque
2154 3314 2508 3398 praestan·

427 3415 534 3487 tia
568 3413 890 3487 scientiae
927 3437 1017 3486 ex
1044 3412 1485 3487 certitudine
1515 3413 2219 3488 demonstrationum
2242 3416 2506 3512 quibus

428 3527 684 3612 utitur,
738 3527 835 3601 sit
892 3525 1339 3622 judicanda:
1409 3526 1611 3599 haud
1682 3526 1903 3600 dubio
1970 3528 2506 3602 mathematicae

430 3638 828 3735 disciplinae
862 3642 1054 3714 inter
1083 3653 1385 3714 caeteras
1420 3663 1672 3714 omnes
1699 3641 2103 3738 principem
2130 3642 2509 3715 habebunt

428 3751 691 3825 locum.
781 3754 1308 3829 Demonstrant
1352 3755 1550 3828 enim
1598 3755 1864 3845 omnia,
1901 3755 1993 3828 de
2034 3756 2298 3852 quibus
2347 3778 2507 3828 sus-

430 3866 713 3961 cipiunt
766 3866 1360 3964 disputationem,
1395 3868 1826 3942 firmissimis
1867 3869 2296 3956 rationibuS,
2332 3891 2506 3941 con-

427 3981 869 4076 firmantque
904 3981 1008 4054 ita
1039 3992 1124 4054 ut
1156 4006 1324 4055 vere
1351 3982 1734 4056 scientiam
1768 3983 1847 4055 in
1880 3981 2233 4054 auditoris
2259 3980 2506 4053 animo

426 4092 760 4187 gignant,
799 4117 1234 4189 omnemque
1268 4118 1570 4192 prorsus
1618 4094 2149 4168 dubitationem
2196 4092 2502 4167 tollant:

427 4204 505 4278 id
540 4204 737 4300 quod
772 4205 930 4278 aliis
957 4207 1280 4281 scientiis
1314 4209 1437 4281 vix
1483 4208 1829 4297 tribuere,
1867 4207 2054 4282 etc.''
2154 4207 2252 4280 Et
2284 4206 2504 4303 paulo

428 4317 666 4391 infra:
747 4323 793 4356 “
816 4319 1242 4415 Disciplinae
1288 4323 1826 4396 mathematicae
1882 4322 2267 4395 veritatem
2321 4321 2505 4394 adeo

427 4442 807 4527 expetunt,
869 4432 1238 4524 adamant,
1309 4435 1825 4530 excoluntque,
1894 4447 1979 4509 ut
2051 4459 2202 4508 non
2270 4435 2504 4509 solum
