3094 5125
1049 521 1721 580 GssoME‘rRARuM.
2288 512 2422 579 461

339 686 690 763 nimirum
726 688 1168 786 quadratum
1201 716 1247 765 a
1282 692 1451 778 CM,
1486 693 1768 790 aequale
1803 715 1961 766 esse
1996 692 2354 790 quadrato
2389 717 2435 767 a

2485 718 2622 760 CAP.
2649 717 2838 760 xxm.

2517 786 2803 820 bq-ae

347 803 480 876 CN
516 827 665 876 uua
700 828 869 876 cum
904 806 1126 878 tertia
1161 806 1387 902 ipsius
1416 820 1650 903 parte,
1689 819 1763 881 et
1799 807 2084 881 duobus
2120 807 2432 903 quadra·
2462 849 2795 908 nmmum.

344 918 440 990 tis
473 918 567 990 ab
597 917 779 1006 NM,
808 918 962 990 sive
999 919 1149 1009 PR,
1178 922 1552 1017 tangentis
1581 932 1655 995 et
1692 920 2061 995 semiradii
2096 920 2431 994 differen-

240 1032 245 1037 ’
345 1030 473 1117 tia,
508 1030 569 1102 si
603 1053 779 1103 vera
813 1029 908 1104 sit
940 1055 1150 1128 prop.
1188 1036 1315 1123 47,
1350 1034 1582 1107 Elem.
1620 1034 1669 1106 i.

449 1143 687 1238 Super
715 1143 858 1216 CM
888 1145 1382 1220 constituatur
1403 1148 1847 1244 quadratum
1869 1148 2180 1221 CMYX.
2243 1146 2434 1220 Item

347 1278 568 1351 super
603 1255 751 1328 ΒΜ
788 1257 1283 1332 constituatur
1328 1259 1770 1354 quadratum
1809 1259 2085 1356 BMZf.
2191 1259 2435 1333 Etiam

346 1390 567 1465 super
634 1369 773 1442 BN
833 1369 1326 1444 constituatur
1386 1372 1824 1468 quadratum
1887 1371 2154 1470 BNgIz.
2269 1371 2441 1470 Erit¹

347 1504 526 1579 ergo
562 1492 722 1555 tum
757 1483 902 1573 PY,
938 1494 1098 1557 tum
1125 1485 1245 1583 gz
1282 1485 1717 1580 quadratum
1758 1485 2192 1559 differentiae
2237 1484 2436 1558 inter

348 1593 525 1685 CM,
561 1605 990 1692 tangentem
1028 1605 1127 1670 30
1150 1596 1538 1693 graduum,
1575 1609 1651 1671 et
1686 1597 2154 1671 semiradium
2184 1597 2347 1672 CN.

450 1708 762 1782 Constat
783 1721 1033 1783 autem
1060 1709 1500 1806 quadratum
1528 1711 1650 1784 Nh
1672 1710 1947 1808 aequale
1983 1712 2142 1784 est*
2166 1735 2432 1784 novem

347 1822 727 1919 quadratis
774 1847 821 1897 a
865 1824 1258 1898 semiradio
1295 1826 1459 1898 CN.
1587 1824 1806 1900 Quod
1840 1834 2089 1897 autem
2126 1824 2440 1920 quadra-³

345 1947 508 2009 tum
544 1935 672 2032 Β]
711 1937 992 2032 aequale
1045 1949 1158 2012 est
1205 1937 1458 2012 decem
1496 1937 1874 2035 quadratis
1921 1962 1968 2012 a
2000 1938 2159 2028 CN,
2214 1960 2436 2035 supra

348 2048 931 2124 demonstratum
965 2063 1100 2125 est.

449 2164 582 2236 Est
606 2186 784 2260 ergo
817 2186 1141 2259 gnomon
1179 2164 1305 2261 qui
1342 2165 1700 2262 quadrato
1737 2165 1810 2238 N
1813 2165 1861 2239 h
1895 2164 2276 2263 appositus
2300 2175 2440 2254 est,·

349 2277 653 2373 aequalis
715 2276 1075 2372 quadrato
1143 2278 1301 2352 NF.
1430 2278 1865 2353 Differentia
1930 2290 2176 2354 autem
2243 2279 2443 2352 inter

348 2389 791 2487 quadratum
844 2389 1003 2464 MX
1051 2400 1128 2463 et
1189 2391 1355 2481 NF,
1389 2402 1505 2465 est
1562 2416 1890 2488 gnomon
1942 2404 2286 2465 constans
2347 2413 2440 2464 ex

351 2503 577 2600 duplo
613 2502 1043 2599 rectangulo
1080 2502 1224 2577 MP
1257 2514 1334 2578 et
1369 2494 1751 2601 quadrato
1787 2505 1932 2596 PY,
1977 2506 2099 2581 cui
2155 2504 2437 2606 aequale

350 2630 466 2689 est
500 2615 942 2714 quadratum
972 2618 1116 2716 gZ.

454 2729 792 2803 Gnomon
839 2740 1086 2803 autem
1145 2730 1270 2829 qui
1322 2731 1656 2829 adjectus
1717 2743 1830 2806 est
1883 2731 2244 2831 quadrato
2291 2730 2435 2821 ΝΙι,

353 2840 653 2938 aequalis
688 2854 801 2914 est
834 2843 1171 2940 sextuplo
1205 2846 1640 2942 rectangulo
1676 2845 1821 2918 MP
1852 2869 2003 2919 una
2048 2868 2217 2918 cum
2251 2867 2439 2940 qua-

355 2953 571 3029 drato
612 2955 755 3054 gZ.
861 2955 994 3029 Est
1055 2967 1304 3030 autem
1357 2981 1687 3054 gnomon
1739 2957 1862 3032 ille
1915 2959 2215 3055 aequalis
2264 2982 2442 3054 qua-

356 3067 569 3141 drato
605 3066 998 3142 semiradii,
1103 3069 1353 3142 Minus
1388 3093 1566 3166 ergo
1603 3081 1716 3142 est
1749 3070 2189 3167 quadratum
2224 3072 2440 3144 semi-

352 3182 543 3257 radii
570 3205 789 3279 quam
824 3181 1265 3278 quadratum
1292 3182 1669 3279 tangentis
1699 3190 1795 3257 30
1821 3184 2186 3279 graduum
2219 3184 2443 3257 tertia

351 3295 493 3382 sui,
528 3306 606 3368 et
640 3305 1000 3390 praeterea
1023 3305 1231 3369 tanto
1262 3306 1620 3391 quantum
1645 3308 1759 3369 est
1786 3295 2092 3393 duplum
2127 3297 2443 3395 quadra-

354 3420 516 3482 tum
549 3432 596 3481 a
630 3408 753 3481 PY
787 3407 900 3481 vel
932 3410 1077 3507 gZ.

453 3522 817 3594 Excessus
862 3545 1040 3618 ergo
1095 3522 1436 3618 quadrati
1495 3520 1872 3619 tangentis
1932 3533 2030 3600 30
2076 3521 2442 3621 graduum

355 3655 579 3729 supra
611 3632 1054 3729 quadratum
1102 3635 1494 3727 semiradii,
1530 3638 1769 3734 majus
1819 3649 1931 3712 est
1967 3662 2188 3734 quam
2222 3637 2444 3711 tertia

354 3769 527 3842 pars
564 3746 905 3842 quadrati
932 3748 1327 3839 semiradii,
1352 3761 1565 3823 tanto
1599 3761 1955 3848 quantum
1990 3763 2105 3825 est
2138 3749 2444 3846 duplum

357 3858 799 3955 quadratum
835 3860 980 3935 PY.
1037 3859 1258 3935 Quod
1297 3872 1413 3935 est
1446 3874 1708 3936 contra
1732 3888 1944 3961 prop.
1981 3868 2103 3950 47,
2131 3862 2363 3935 Elem.
2391 3863 2444 3935 i·.

455 3972 684 4044 Error
715 3983 964 4046 autem
996 3972 1118 4046 hic
1145 3973 1221 4046 in
1248 3974 1625 4071 quadratis
1655 3976 1858 4071 ipsis,
1886 3986 1971 4049 ut
2001 3974 2232 4061 videS,
2267 3975 2445 4048 satis

355 4093 468 4156 est
487 4084 877 4175 sensibilis,
892 4085 1030 4159 etsi
1050 4086 1129 4160 in
1150 4087 1502 4161 lateribus
1521 4113 1674 4162 non
1694 4101 1848 4162 tam
1873 4088 2089 4161 facile
2110 4098 2444 4185 apparet.

354 4196 762 4293 Apparebit
813 4209 1082 4289 autem,
1119 4200 1182 4273 si
1232 4198 1329 4274 ad
1362 4198 1438 4293 -ζ-
1487 4213 1713 4275 rectae
1764 4201 1895 4275 BG
1943 4200 2314 4275 addideris
2364 4201 2445 4275 in

356 4309 719 4384 directum
771 4312 1059 4386 radium
1111 4324 1376 4403 totum,
1428 4315 1581 4389 sive
1616 4312 1722 4406 -ἒ,’-,
1770 4324 1990 4413 atque
2040 4316 2233 4389 inter
2280 4314 2444 4388 illas

969 4497 1004 4538 ⁴·
1052 4498 1151 4559 Sic
1177 4499 1316 4558 edit.
1352 4501 1507 4564 1666
1533 4509 1596 4560 et
1629 4501 1799 4559 1668.

2457 920 2588 959 ηοω
2610 914 2862 971 composita

2458 993 2515 1024 ex
2533 979 2658 1024 radio
2691 978 2862 1031 circuli,

2457 1050 2540 1089 ete.
