3094 5125
316 667 619 709 mALoous

457 749 497 789 Ι.

330 818 616 855 κ--γ-ν

699 461 796 527 48
1134 475 1672 528 nxAmNA'rro
1715 474 1816 526 ET
1854 474 2354 527 EMENDATIO

700 652 923 730 certe,
979 665 1150 716 cum
1207 666 1359 717 non
1410 643 1652 717 solum
1711 643 1805 716 ab
1855 642 2187 731 Euclide,
2247 641 2378 716 sed
2428 642 2652 715 etiam
2690 639 2773 713 ab

700 755 1042 828 omnibus
1075 766 1238 829 tum
1272 758 1642 831 veteribus
1675 769 1836 830 turn
1869 757 2407 831 recentioribus
2453 755 2678 829 sciret
2707 776 2778 826 se

702 867 1115 959 dissentire,
1173 893 1500 944 errorem
1554 871 1631 943 in
1685 870 1924 968 seipso
1976 894 2136 944 esse
2190 893 2339 943 non
2387 869 2487 943 sit
2532 867 2779 942 saltem

700 982 1133 1079 suspicatuS,
1190 983 1321 1057 sed
1374 1007 1635 1058 eorum
1700 984 2019 1057 inventis
2089 984 2232 1057 hoc
2283 982 2659 1056 addidisse
2712 1003 2779 1053 se

700 1095 1270 1182 existimaverim
1324 1097 1465 1171 nisi
1507 1097 1772 1170 scirem
1813 1098 2022 1191 cujus
2056 1109 2255 1170 esset
2290 1106 2535 1169 sectae.
2642 1093 2781 1170 Qui

697 1209 1032 1305 proxime
1092 1222 1521 1307 sequuntur,
1593 1210 1886 1283 circiter
1943 1209 2207 1305 viginti
2268 1232 2548 1298 versus,
2623 1219 2783 1281 sunt

698 1322 945 1420 gravis
1005 1336 1083 1396 et
1141 1325 1408 1398 acerba
1474 1324 1949 1419 reprehensio
2009 1322 2452 1397 temeritatis
2509 1345 2782 1408 eorum,

700 1436 827 1533 qui
867 1436 931 1509 si
975 1436 1090 1510 vel
1130 1436 1498 1510 tantillum
1546 1437 1811 1526 sciunt,
1861 1436 2173 1510 aliorum
2220 1435 2549 1509 omnium
2595 1436 2782 1532 peri-

699 1549 880 1623 tiam
915 1549 1029 1622 vel
1062 1549 1279 1623 flocci
1310 1549 1595 1622 faciunt
1618 1549 1736 1622 vel
1770 1548 2241 1645 superciliose
2276 1561 2781 1623 contemnunt.

703 1662 928 1759 Cujus
983 1663 1571 1759 reprehensionis
1618 1663 1908 1760 justitia
1956 1663 2063 1735 ita
2105 1662 2497 1736 manifesta
2529 1677 2669 1752 est,
2706 1674 2785 1736 ut

699 1777 884 1850 nihil
946 1777 1143 1850 circa
1208 1801 1371 1851 eam
1430 1776 1995 1851 examinandum
2050 1778 2169 1866 sit,
2228 1776 2370 1849 nisi
2423 1776 2523 1849 ad
2572 1800 2784 1874 quem

697 1890 1160 1986 potissimum
1197 1891 1700 1965 collimaverit.

801 2003 901 2079 B.
953 2005 1267 2080 Videtur
1319 2006 1463 2079 hoc
1516 2005 1682 2078 loco
1729 2027 1856 2078 eos
1899 2003 2296 2099 scriptores
2330 2026 2589 2077 omnes
2624 2026 2785 2099 per-

697 2117 1085 2215 stringere,
1122 2120 1247 2217 qui
1280 2142 1431 2193 non
1465 2116 1724 2191 eadem
1770 2117 1848 2190 in
1883 2115 2424 2191 mathematicis
2458 2118 2786 2190 sentiunt

696 2253 862 2326 quae
898 2230 1073 2326 ipse.

801 2342 898 2416 Α.
953 2343 1236 2416 Deinde
1289 2341 1386 2415 ad
1439 2342 1864 2416 institutum
1914 2341 2207 2415 rediens
2254 2344 2360 2415 sic
2407 2343 2787 2416 scribit.—

704 2453 927 2539 Quod
952 2454 1066 2528 ad
1081 2478 1237 2527 rem
1257 2464 1707 2552 prce-sentem
1734 2455 2028 2545 attinet,
2055 2479 2339 2545 assere,
2365 2465 2442 2528 et
2465 2465 2788 2528 veterum

698 2566 1136 2640 sententiam
1155 2567 1394 2666 probe
1419 2567 1901 2655 intellectam,
1923 2580 1999 2643 et
2021 2595 2184 2668 quoe
2201 2594 2337 2644 nos
2358 2568 2785 2656 asserimus,

699 2679 898 2752 satie
966 2690 1314 2755 constare
1369 2704 1623 2780 posse.
1728 2681 1919 2780 Ipsa
1978 2682 2171 2755 enim
2214 2681 2592 2780 principii
2650 2706 2788 2755 vox

703 2791 988 2890 duplici
1020 2793 1289 2867 saltem
1321 2793 1841 2892 acceptatione
1879 2794 2231 2884 occurrit,
2264 2804 2501 2893 prout
2531 2820 2789 2893 nempe

700 2904 1088 3003 significat
1120 2907 1440 3002 primum
1466 2906 1667 3004 quod
1699 2906 1828 2996 sic,
1865 2907 1983 2980 vel
2012 2906 2354 2981 ultimum
2386 2909 2587 3004 quod
2611 2934 2784 2984 non.

700 3017 833 3092 Sic
882 3020 953 3092 ei
1008 3020 1337 3094 Iaeaeredie
1370 3022 1511 3117 jus
1561 3020 1637 3093 in
1683 3042 1838 3093 rem
1887 3020 2450 3095 haereditariam
2490 3021 2587 3094 ab
2622 3022 2788 3119 ipso

684 3133 950 3227 patris
1010 3132 1318 3208 interitu
1377 3134 1713 3232 incipere
1773 3134 2075 3207 dicatur
2097 3160 2127 3217 ;
2177 3135 2325 3208 erit
2383 3134 2522 3207 hoc
2559 3137 2786 3233 prin-

698 3245 974 3343 cipium
1026 3245 1369 3319 ultimum
1414 3246 1614 3342 quod
1661 3271 1834 3320 non.
1942 3249 2037 3320 Si
2067 3270 2242 3320 vero
2275 3246 2611 3320 dicamus
2643 3247 2784 3320 Izae-

697 3358 909 3432 redis
932 3360 1071 3455 jue
1117 3359 1452 3432 inchoari
1496 3385 1549 3432 a
1573 3360 1829 3458 primo
1864 3368 2211 3432 momento
2246 3360 2736 3433 mcc-essionis
2757 3388 2784 3442 ,-

697 3471 923 3546 etiam
955 3472 1070 3546 ita
1103 3496 1277 3546 vere
1305 3471 1611 3564 dicitur,
1656 3473 1799 3548 sed
1825 3472 1960 3548 hoc
1987 3471 2445 3573 principium
2488 3484 2603 3547 eet
2634 3474 2786 3570 pri-

697 3608 901 3659 mum
936 3585 1137 3683 quod
1170 3586 1300 3660 sic.

802 3698 898 3771 B.
957 3699 1346 3773 Subtiliter
1376 3697 1560 3771 haec.

797 3810 898 3884 A.
952 3812 1116 3897 Ita;
1168 3836 1255 3885 ac
1291 3812 1353 3885 si
1388 3811 1715 3900 dixisset,
1745 3813 1967 3885 finem
2005 3811 2265 3908 capitis
2298 3811 2784 3907 praecedentis

697 3948 853 3998 esse
888 3925 1332 4022 principium
1367 3924 1632 4021 capitis
1666 3925 1907 4020 hujus.

801 4036 899 4109 B.
955 4037 1338 4111 Subtiliter
1371 4037 1564 4122 dicO,
1599 4035 1678 4110 id
1719 4049 1858 4126 est,
1894 4036 2349 4124 scholastice,
2385 4036 2501 4110 vel
2552 4048 2782 4109 meta-

694 4151 1019 4249 physice.
1107 4150 1545 4225 Scholastici
1599 4151 1797 4225 enim
1837 4150 2013 4225 olim
2070 4149 2523 4224 subtilissimi
2566 4149 2785 4223 habe-

694 4267 989 4341 bantur.

798 4378 897 4452 A.
949 4377 1342 4454 Subtiliter
1373 4401 1510 4475 pro
1549 4377 1881 4452 barbere.
1971 4377 2157 4453 Quis
2191 4376 2487 4474 putabit
2530 4375 2779 4450 incho-
