3094 5125
832 524 1461 577 MATHEMATmAE
1502 524 1986 578 RODIERNAE.
2298 514 2433 580 183

359 692 668 764 cicorum
718 691 1051 764 continue
1096 692 1605 783 crescentiam,
1652 718 1699 766 a
1740 705 2027 792 puncto
2072 693 2192 767 vel
2231 703 2279 769 0
2324 695 2435 768 in-
2508 723 2808 766 maccus

356 805 788 878 choatarnm
815 831 844 888 ‚·
915 805 1120 877 ratio
1188 830 1407 902 qnam
1472 806 1691 880 habet
1763 807 1904 880 illa
1985 808 2094 880 ad
2170 808 2437 881 seriem
2633 805 2689 846 V·
2790 872 2801 888 ,

357 919 660 992 totidem
692 917 1029 990 maximce
1064 917 1474 1016 aequalium,
1510 918 1961 1018 subtriplum
1998 920 2387 1017 superabit
2411 948 2441 1004 ,-

355 1032 647 1127 eritque
680 1054 1028 1103 excessus
1064 1055 1159 1102 ea
1202 1031 1429 1118 ratio,
1482 1056 1702 1128 quam
1758 1031 1985 1105 habet
2033 1032 2283 1104 unitas
2340 1033 2449 1106 ad

355 1143 766 1240 sextuplum
799 1144 1079 1215 numeri
1120 1145 1587 1217 terminorum
1629 1154 1807 1243 post
1857 1155 1953 1232 03
2005 1146 2182 1233 sive,
2219 1170 2440 1243 quam

354 1257 580 1330 habet
613 1255 846 1328 radix
879 1256 1332 1352 quadratica
1374 1258 1669 1330 termini
1700 1259 1942 1355 primi
1982 1269 2160 1357 post
2207 1268 2278 1350 Ο,
2334 1260 2445 1333 ad

354 1368 775 1467 sextuplum
814 1369 1106 1442 radicis
1153 1371 1625 1466 quadraticoe
1673 1372 1966 1445 termini
2012 1371 2439 1446 maximi:—

357 1483 569 1556 Clare
602 1483 724 1556 hie
758 1483 1105 1579 loquutus
1139 1497 1275 1557 est.

460 1597 555 1670 B.
611 1596 978 1692 Intellig0.
1119 1597 1532 1686 Rationem,
1605 1623 1823 1694 quam
1908 1598 2131 1672 habet
2214 1599 2442 1672 series

356 1711 842 1782 crescentium
874 1709 969 1782 ad
1006 1711 1270 1783 seriem
1304 1711 1611 1784 totidem
1651 1711 1995 1784 maximae·
2021 1712 2439 1807 aequalium,

355 1825 707 1918 majorem
741 1845 903 1895 esse
927 1822 1108 1895 dicit
1144 1847 1361 1918 quam
1398 1824 1586 1897 ratio
1626 1834 1651 1897 l
1689 1825 1783 1897 ad
1821 1833 1889 1914 3,
1916 1835 2125 1898 tanto
2162 1837 2441 1920 quanto

355 1948 467 2009 est
501 1936 689 2008 ratio
723 1936 1026 2008 unitatis
1062 1936 1158 2009 ad
1192 1937 1606 2032 sextuplum
1644 1938 1929 2012 numeri
1959 1938 2441 2012 terminorum

355 2073 526 2158 post
559 2072 629 2150 Ο,
659 2061 801 2134 hoc
837 2073 969 2150 est,
1008 2061 1082 2133 in
1120 2062 1305 2134 serie
1350 2046 1621 2160 21:12,
1668 2062 1960 2155 (=-‚⁵—,),
2000 2063 2359 2136 rationem
2397 2074 2441 2136 5

357 2180 453 2253 ad
509 2191 594 2253 12
653 2180 1004 2274 majorem
1059 2204 1216 2252 esse
1265 2182 1547 2254 ratione
1594 2191 1619 2254 1
1666 2182 1761 2254 ad
1812 2192 1856 2255 3
1901 2181 2052 2254 sive
2100 2190 2142 2253 4
2189 2180 2284 2254 ad
2329 2190 2442 2272 12,

357 2305 566 2367 tanto
605 2305 878 2388 quanta
911 2303 1026 2365 est
1059 2294 1251 2365 ratio
1297 2303 1322 2365 l
1370 2293 1466 2366 ad
1509 2304 1620 2367 12.

460 2408 556 2480 Α.
613 2408 844 2480 Recte
880 2407 1248 2503 intelligis.
1353 2410 1483 2480 Est
1542 2420 1791 2481 autem
1854 2407 2141 2480 falsum.
2248 2405 2445 2479 Nam

357 2522 546 2595 ratio
607 2529 648 2593 5
714 2519 808 2593 ad
873 2529 957 2593 12
1020 2521 1320 2616 aequalis
1377 2532 1573 2595 esset
1631 2521 1982 2594 ambabus
2043 2519 2259 2594 simul
2327 2541 2445 2593 ra-

359 2635 681 2708 tionibus
718 2643 745 2706 1
792 2633 883 2706 ad
935 2643 980 2706 3
1025 2646 1097 2707 et
1139 2642 1170 2706 1
1215 2634 1311 2707 ad
1356 2645 1484 2708 12:
1538 2659 1705 2731 quae
1765 2636 2086 2707 rationes
2143 2658 2446 2729 compo-

361 2748 542 2838 sitae,
591 2749 808 2843 juxta
843 2747 1344 2821 ,definitionem
1388 2748 1616 2820 Elem.
1653 2748 1749 2820 vi.
1788 2756 1858 2837 5,
1896 2748 2178 2820 faciunt
2220 2747 2447 2819 ratio·-

360 2885 529 2934 nem
581 2869 608 2933 l
665 2860 759 2934 ad
819 2870 937 2933 36.
1065 2861 1201 2933 Est
1260 2885 1435 2957 ergo
1495 2862 1684 2933 ratio
1740 2872 1782 2933 5
1835 2862 1932 2935 ad
1987 2871 2072 2935 12
2144 2860 2446 2956 aequalis

362 2976 628 3049 rationi
674 2985 699 3048 l
746 2974 840 3048 ad
878 2983 996 3048 36.
1101 2975 1236 3047 Vel
1266 2976 1326 3047 si
1360 2975 1556 3048 inter
1586 2985 1630 3048 5
1658 2988 1734 3048 et
1770 2984 1856 3048 12
1892 2975 2446 3070 interponamus

362 3098 430 3174 4,
467 3099 550 3161 ut
586 3088 734 3160 sint
770 3101 918 3160 tres
956 3086 1403 3182 quantitates
1443 3096 1512 3175 5,
1557 3097 1629 3172 4,
1676 3096 1786 3175 12,
1847 3086 2036 3159 ratio
2091 3086 2348 3182 primae
2399 3093 2445 3157 5

361 3202 454 3274 ad
490 3201 784 3273 tertiam
834 3210 914 3273 12
953 3202 1188 3295 major
1242 3200 1382 3272 erit
1439 3200 1728 3272 ratione
1774 3212 1817 3272 4
1870 3200 1964 3272 ad
2011 3209 2121 3288 12,
2179 3198 2258 3271 id
2311 3213 2445 3286 est,

361 3314 644 3387 ratione
698 3312 1079 3408 subtripla,
1141 3323 1351 3385 tanto
1415 3323 1693 3407 quanta
1743 3323 1855 3385 est
1908 3311 2095 3385 ratio
2142 3321 2186 3384 5
2227 3310 2323 3384 ad
2370 3320 2445 3384 4.

363 3427 644 3522 Itaque,
708 3450 841 3522 per
893 3427 1170 3499 bonum
1235 3438 1563 3498 vestrum
1615 3426 2128 3523 professorem,
2187 3424 2447 3499 eadem

363 3551 471 3614 est
506 3540 697 3613 ratio
735 3549 775 3611 5
814 3539 909 3613 ad
942 3550 986 3612 4
1025 3551 1100 3613 et
1144 3549 1172 3612 l
1216 3539 1313 3614 ad
1357 3549 1472 3615 12.

461 3655 561 3726 Β.
613 3654 841 3726 Error
876 3652 1301 3727 manifestus
1350 3664 1487 3741 est,
1537 3662 1611 3725 et
1668 3652 1964 3746 quidem
2014 3653 2250 3747 major
2294 3652 2446 3738 ino,

363 3791 581 3861 quem
641 3767 908 3839 erravit
976 3766 1052 3837 in
1110 3763 1447 3839 doctrina
1507 3764 1907 3858 spiralium.
2013 3764 2237 3840 Quod
2294 3788 2446 3837 non

363 3881 573 3953 facile
608 3878 1103 3952 credidissem.

463 3994 561 4067 A.
613 3993 800 4065 Vide
828 3995 983 4088 jam
1011 3992 1088 4065 id
1117 3991 1314 4087 quod
1342 3992 1512 4064 inde
1539 3989 1785 4079 infert,
1813 4014 2099 4086 nempe,
2127 3990 2188 4062 si
2223 3988 2446 4062 series

360 4108 519 4181 haeo
555 4106 986 4202 quadratica
1027 4116 1217 4178 esset
1263 4105 1573 4191 infinita,
1622 4127 1906 4176 summa
1960 4101 2445 4175 crescentium

362 4220 458 4293 ad
491 4243 849 4293 summam
885 4217 1191 4291 totidem
1226 4217 1733 4303 maximarum,
1764 4228 1957 4287 esset
1991 4224 2332 4287 accurate
2366 4213 2443 4284 in

364 4333 646 4406 ratione
704 4339 732 4402 l
784 4331 878 4404 ad
928 4339 993 4402 3.
1103 4330 1224 4403 Sic
1293 4330 1488 4401 enim
1544 4326 2117 4424 probat—Cum
2177 4334 2441 4413 autem,

365 4452 738 4519 crescente
771 4465 1067 4515 numero
1105 4443 1601 4545 terminorum,
1637 4463 1983 4515 excessus
2025 4437 2156 4511 ille
2206 4461 2445 4536 supra
