3094 5125
699 508 840 574 444
984 521 1090 574 DE
1129 522 1592 576 PRINCIPIIS
1638 523 1735 575 ΕΤ
1771 522 2518 576 RA'rmmNAnoNE

345 713 480 754 cn.
501 714 629 755 xxx.
696 701 1055 786 punctum
1096 690 1163 764 A
1211 691 1306 765 sit
1361 691 1719 765 terminus
1777 691 2299 765 semidiametri
2338 690 2526 780 DA,
2569 714 2629 764 a
2678 714 2831 787 qua

280 785 612 901 Ρωῖωᾞξζϋ
698 804 1133 878 describitur
1194 805 1784 879 circumferentia
1851 804 2088 893 ABG,
2142 828 2451 877 necesse
2534 815 2670 877 est
2745 814 2833 878 ut

278 909 599 1028 {ssefflssf'gss
696 931 1053 1015 punctum
1080 918 1147 990 A
1173 918 1268 991 sit
1300 920 1376 992 in
1413 919 1571 1015 ipsa
1605 918 2210 993 circumferentia.
2302 917 2600 990 Intulit
2639 939 2831 1011 ergo

697 1032 888 1104 hanc
923 1031 1465 1104 conclusionem
1493 1044 1752 1105 contra
1784 1032 2014 1127 ipsam
2041 1030 2365 1103 Euclidis
2401 1042 2832 1103 construc-

700 1145 999 1233 tionem,
1044 1145 1169 1240 qui
1215 1147 1561 1242 supponit
1609 1144 2283 1241 perpendicularem
2318 1145 2438 1216 FE
2485 1143 2698 1216 duci
2734 1142 2830 1213 ab

699 1269 1026 1330 extremo
1088 1269 1363 1354 puncto
1426 1258 1789 1331 diametri.
1894 1257 2000 1330 At
2035 1280 2379 1331 concesso
2414 1266 2833 1353 punctum

696 1371 763 1443 A
798 1393 947 1443 non
983 1394 1139 1443 esse
1173 1371 1249 1443 in
1285 1371 1896 1459 circumferentia,
1935 1370 2064 1443 sed
2097 1369 2831 1466 perpendicularem

696 1484 815 1555 FE
851 1482 1308 1557 solummodo
1342 1482 1601 1557 radere
1637 1484 1786 1556 sive
1826 1494 2128 1579 tangere
2163 1484 2531 1556 circulum
2579 1484 2675 1555 in
2716 1483 2829 1552 A:

696 1596 837 1669 erit
896 1609 1144 1670 tamen
1198 1609 1555 1693 punctum
1608 1598 1678 1671 A
1722 1609 1931 1671 extra
1983 1598 2337 1671 circulum
2397 1610 2476 1670 et
2549 1597 2665 1669 ab
2730 1618 2825 1667 eo

694 1709 1120 1806 separabile,
1157 1735 1358 1784 more
1417 1712 1958 1807 contiguorum.
2063 1711 2320 1807 Itaque
2368 1708 2623 1782 ducta
2679 1730 2829 1804 per

694 1824 1087 1896 terminum
1114 1823 1452 1897 diametri
1486 1835 1691 1897 recta
1717 1823 2031 1919 quadam
2064 1823 2411 1920 parellela
2436 1822 2600 1920 ipsi
2645 1833 2824 1894 tan-

692 1937 898 2033 genti
933 1938 1074 2025 FE,
1111 1936 1236 2010 illa
1269 1937 1485 2010 cadet
1517 1937 1709 2010 inter
1741 1950 2020 2009 rectam
2048 1936 2177 2009 AE
2213 1948 2289 2009 et
2322 1959 2597 2009 arcum
2637 1934 2812 2023 AB,

697 2063 955 2125 contra
982 2051 1681 2125 demonstrationem
1713 2051 1931 2147 hujus
1957 2051 2184 2148 partis
2220 2049 2499 2147 primae.
2627 2051 2814 2122 Per-

696 2165 1187 2262 pendicularis
1241 2165 1435 2239 enim
1494 2164 1714 2238 ducta
1768 2187 1900 2261 per
1967 2164 2362 2238 terminum
2432 2161 2809 2237 diametri

699 2303 847 2352 non
906 2281 1046 2353 erit
1100 2282 1257 2376 ipsa
1307 2291 1617 2375 tangens
1652 2280 1803 2368 AE,
1853 2278 1981 2351 sed
2036 2278 2177 2375 ipsi
2229 2278 2612 2376 parellela‚
2654 2298 2808 2349 nec

700 2393 975 2466 secabit
1011 2393 1387 2483 circulum,
1415 2392 1543 2465 sed
1571 2392 1868 2466 habebit
1899 2403 2256 2489 puuctum
2291 2415 2459 2465 cum
2492 2389 2801 2465 circulo

700 2529 1107 2596 commune,
1142 2528 1403 2601 nempe
1439 2504 1664 2602 ipsius
1701 2505 2034 2580 diametri
2068 2506 2486 2579 terminum.

799 2619 1082 2691 Deinde
1118 2618 1462 2712 quoniam
1515 2619 1892 2715 utriusque
1938 2619 2375 2692 semicirculi
2416 2631 2595 2693 sunt
2635 2617 2797 2691 duo

698 2731 1016 2818 termini,
1053 2743 1268 2803 erunt
1302 2731 1378 2803 in
1414 2729 1698 2804 duobus
1731 2732 2203 2806 semicirculis
2238 2734 2636 2829 contiguis,
2689 2729 2793 2804 ad

697 2844 1091 2918 terminum
1145 2843 1507 2930 diametri,
1543 2843 1690 2917 duo
1724 2858 2021 2940 puncta.
2124 2845 2329 2918 Nihil
2380 2869 2557 2942 ergo
2601 2868 2790 2942 pro·-

698 2957 923 3043 hibet,
963 2955 1311 3052 quicquid
1346 2958 1440 3030 sit
1474 2969 1855 3054 punctum,
1892 2958 2069 3054 quin
2105 2957 2392 3032 duobus
2439 2956 2788 3031 terminis

698 3094 832 3167 pro
889 3093 1039 3143 uno
1100 3072 1430 3167 sumptis,
1468 3070 1825 3144 diameter
1879 3095 2027 3144 una
2073 3095 2240 3144 cum
2282 3072 2787 3145 minutissima

697 3195 907 3280 parte
942 3207 1153 3257 arcus
1195 3186 1394 3278 (cum
1440 3185 1826 3282 plusquam
1872 3196 2229 3281 punctum
2262 3185 2444 3258 illud
2476 3207 2783 3281 geome-

696 3308 1000 3385 trarum,
1035 3297 1218 3370 nihil
1252 3323 1638 3372 commune
1690 3299 1783 3372 sit
1819 3309 2042 3372 rectae
2074 3297 2662 3395 perpendiculari
2699 3307 2780 3368 et

696 3410 927 3501 arcui)
968 3410 1220 3484 haberi
1254 3413 1533 3508 possint
1579 3435 1712 3508 pro
1759 3411 1968 3485 lineis
2003 3436 2167 3508 quae
2202 3412 2484 3485 faciunt
2536 3433 2778 3507 angu-

695 3523 846 3596 lum
881 3533 1186 3596 rectum.
1290 3524 1482 3598 Nam
1518 3549 1735 3597 crura
1778 3524 2213 3620 angulorum
2247 3525 2338 3598 de
2372 3525 2623 3622 anguli
2657 3547 2774 3598 es-

696 3637 934 3711 sentia
967 3636 1264 3710 omnino
1300 3661 1449 3710 non
1483 3648 1703 3711 sunt:
1758 3650 1836 3711 et
1868 3638 1972 3710 sic
2004 3637 2269 3710 falsum
2302 3660 2592 3733 quoque
2626 3637 2775 3710 erit

696 3750 895 3845 quod
927 3751 1004 3822 in
1040 3749 1259 3822 tertia
1298 3762 1506 3845 parte
1561 3750 2203 3823 demonstrationis
2254 3751 2488 3847 ponit,
2542 3774 2769 3846 angu-

693 3864 843 3936 lum
907 3887 1122 3960 quem
1173 3862 1350 3935 facit
1390 3863 2010 3959 perpendicularis
2064 3887 2230 3935 cum
2273 3887 2473 3953 arca,
2510 3863 2767 3959 quovis

692 3977 962 4074 angulo
997 3987 1215 4050 acuto
1251 3975 1634 4049 rectilineo
1671 3999 1825 4049 esse
1861 3975 2242 4049 minorem.

792 4090 1016 4167 Porro
1053 4089 1130 4162 in
1165 4087 1485 4162 secunda
1518 4100 1596 4161 et
1628 4090 1847 4162 tertia
1878 4100 2086 4185 parte
2122 4087 2764 4162 demonstrationis

690 4204 794 4277 sic
831 4201 1008 4275 dicit
1038 4231 1056 4274 ε
1125 4201 1478 4287 Quoniam
1512 4210 1874 4274 ostensum
1906 4211 2019 4274 est
2053 4225 2320 4275 onmem
2354 4211 2641 4274 rectam
2672 4227 2765 4274 ex

691 4318 781 4405 A,
820 4315 1111 4389 ductam
1163 4315 1373 4412 irffra
1415 4312 2119 4412 perpendicularem
2152 4315 2304 4402 AE,
2342 4314 2617 4387 cadere
2652 4315 2762 4387 in-

691 4440 819 4502 tra
854 4428 1227 4519 circulum,
1260 4428 1520 4525 saciet
1572 4427 1989 4501 necessario
2043 4452 2133 4500 ea
2188 4427 2386 4501 linea
2418 4451 2572 4500 cum
2607 4425 2761 4515 AC,
