3094 5125
712 456 808 523 50
1136 474 1675 531 ΕΧΑΜῙΝΑΤῙΟ
1715 481 1818 532 m·
1855 480 2354 533 EMENDA‘rm

308 652 624 697 ammons
808 640 906 712 Β.
962 640 1200 716 Credo
1236 668 1435 721 sane.
1542 648 1690 722 Sed
1743 648 2112 744 quomodo
2156 649 2518 724 unitatem
2552 662 2631 726 et
2661 676 2798 726 nu-

335 735 622 839 *Jgd
703 776 979 826 merum
1013 754 1273 832 definis
1308 760 1441 833 tu?

802 867 899 939 A.
971 868 1203 943 Unum
1228 872 1551 967 quidem,
1587 895 1756 945 cum
1788 875 2211 965 Aristotele,
2244 874 2322 948 id
2369 877 2573 973 quod
2617 901 2795 952 oon-

705 979 1068 1053 sideratur
1134 995 1219 1057 ut
1286 984 1676 1060 indivisum
1702 1015 1733 1071 ,·
1806 1011 2195 1061 numerum
2272 1001 2547 1079 autem,
2619 1015 2792 1065 cum

702 1092 1032 1183 Euclide,
1074 1120 1170 1167 ex
1218 1097 1383 1169 unis
1436 1098 1748 1173 collecta
1788 1098 2051 1199 plura.
2155 1101 2349 1174 Nam
2381 1126 2527 1175 vox
2569 1114 2793 1188 πλῆθος

700 1227 852 1277 non
887 1206 1251 1301 signifieat
1287 1210 1846 1302 multitudinem,
1883 1236 1971 1285 eo
2019 1236 2238 1287 sensu
2286 1238 2431 1311 quo
2481 1216 2795 1312 opponi-

702 1328 827 1390 tur
863 1321 1161 1416 pauci8‚
1196 1333 1279 1396 ut
1328 1338 1577 1398 censet
1610 1326 2008 1415 WallisiuS,
2042 1326 2171 1400 sed
2217 1352 2305 1401 eo
2356 1353 2504 1425 quo
2556 1354 2792 1426 oppo-

699 1430 904 1504 nitur
928 1434 1056 1506 um'
1067 1463 1098 1518 ;
1125 1434 1310 1510 adeo
1337 1450 1421 1511 ut
1446 1440 1742 1537 proprie
1768 1440 2159 1537 loquend0,
2184 1451 2401 1525 πλῆθος
2420 1443 2788 1533 Graecum,

700 1554 779 1616 et
811 1545 1154 1619 Latinum
1188 1573 1338 1622 non
1371 1550 1605 1625 multa
1651 1553 1781 1627 sed
1825 1552 2092 1651 plura,
2126 1553 2324 1627 idem
2357 1556 2532 1629 sint.
2637 1556 2789 1629 De-

695 1655 871 1729 inde
935 1658 1103 1756 lego
1162 1661 1238 1735 in
1307 1665 1686 1761 margine3
1755 1666 2041 1740 numeri
2072 1667 2340 1763 fracti
2399 1692 2545 1742 non
2614 1680 2786 1743 sunt

694 1770 980 1844 numeri
995 1775 1322 1872 proprie
1355 1776 1562 1852 dicti.
1663 1779 1952 1852 Verene
1986 1778 2181 1852 hoc?

789 1881 889 1958 Β.
946 1886 1158 1961 Anne
1204 1888 1482 1964 fractus
1529 1892 1820 1989 integer
1870 1904 2008 1984 est,
2043 1906 2173 1967 aut
2205 1917 2556 1969 numerus
2589 1897 2780 1970 ullus

691 2006 802 2071 est
838 1998 960 2094 qui
996 2023 1147 2074 non
1183 2000 1278 2075 sit
1311 2003 1649 2101 integer?

787 2108 881 2184 A.
940 2113 1263 2187 Minime.
1369 2118 1469 2190 Et
1515 2129 1764 2192 tamen
1822 2117 1901 2191 id
1957 2119 2156 2217 quod
2201 2143 2336 2216 per
2387 2143 2779 2193 nnmerum

687 2222 1005 2296 fractum
1039 2226 1512 2327 intelligitur,
1533 2242 1646 2304 est
1676 2256 2025 2310 numerus
2049 2235 2345 2332 proprie
2381 2233 2649 2307 dietae.

785 2331 884 2407 Β.
939 2335 1087 2409 Qui
1122 2339 1283 2410 fieri
1316 2339 1396 2412 id
1428 2344 1726 2437 potest?

786 2442 880 2517 A.
936 2445 1137 2520 Quid
1226 2450 1687 2546 significatur
1769 2480 1903 2554 per
1986 2484 2374 2534 numerum
2457 2466 2771 2543 fractum

687 2557 910 2648 hunc,
946 2559 1053 2654 3¹12?

788 2668 883 2747 Β.
940 2673 1466 2771 significantur
1514 2693 1665 2756 tres
1710 2697 1980 2780 parteS,
2016 2712 2324 2784 quarum
2359 2693 2610 2767 unitas
2643 2696 2771 2769 ha-

686 2782 816 2859 bet
853 2801 1193 2882 quatuor.

788 2898 884 2971 A.
941 2901 1133 2974 Satis
1169 2903 1464 2998 quidem
1499 2908 1832 3006 intelligo
1869 2915 2235 3008 quomodo
2269 2942 2508 3010 unum,
2547 2922 2770 3019 quod-

688 3034 979 3109 cunque
1022 3016 1203 3090 illud
1254 3018 1374 3108 sit,
1410 3022 1643 3117 possit
1699 3023 1925 3099 dividi
1976 3029 2054 3101 in
2106 3045 2422 3126 quatuor
2470 3049 2769 3133 partes;

688 3128 1056 3221 quomodo
1116 3143 1364 3205 autem
1408 3136 1664 3209 unitas
1714 3139 1821 3213 ita
1871 3141 2099 3216 dividi
2149 3148 2408 3241 possit,
2454 3174 2609 3224 non
2659 3153 2770 3225 in-

681 3238 960 3335 telligo.

784 3351 884 3425 B.
940 3353 1120 3427 Cum
1160 3357 1325 3431 dico
1358 3361 1738 3453 unitatem,
1765 3364 2097 3464 intelligo
2133 3370 2370 3467 ipsum
2410 3400 2624 3448 unum
2657 3377 2770 3451 in·-

685 3474 1002 3560 tegrum,
1065 3471 1267 3564 quod
1329 3470 1691 3549 divisibile
1759 3491 1872 3552 est
1932 3480 2009 3555 in
2069 3496 2316 3580 partes
2373 3500 2555 3584 quot
2606 3492 2770 3588 quis

684 3576 1022 3651 voluerit.

785 3690 885 3762 A.
951 3691 1180 3767 Unum
1213 3719 1391 3794 ergo
1427 3699 1799 3798 integrum
1825 3706 1921 3785 sit
1955 3709 2163 3782 assis.
2266 3711 2407 3787 Dic
2443 3716 2649 3809 mihi,
2672 3743 2768 3792 an

680 3812 830 3875 tres
864 3828 1057 3878 asses
1093 3809 1188 3882 sit
1219 3834 1569 3886 numerus
1603 3816 1895 3892 assium.

781 3916 878 3990 B.
937 3918 1149 3994 Sunt.

776 4027 871 4102 A.
922 4031 1020 4104 Et
1054 4056 1400 4111 numerus
1433 4041 1727 4129 assium,
1762 4061 2107 4120 numerus
2142 4053 2439 4148 proprie
2475 4055 2764 4133 dictus?

776 4142 876 4217 B.
928 4144 1081 4218 Est.

776 4254 867 4329 A.
921 4258 1017 4332 Et
1072 4283 1420 4346 numerus
1472 4267 1880 4361 unciarum,
1937 4295 2183 4348 nonne
2237 4289 2348 4354 est
2415 4306 2764 4361 numerus

673 4371 968 4465 proprie
1003 4372 1297 4448 dietus?
