3094 5125
1013 516 1373 571 cusulo
1415 518 1798 572 sPnAERAE.
2297 504 2441 584 497

369 684 685 758 semissis
726 684 952 782 ipsius
989 686 1107 778 Gi,
1143 687 1239 761 ad
1272 686 1410 779 hL,
1447 688 1819 762 semissem
1852 688 2080 785 ipsius
2115 687 2308 777 AG),
2341 689 2446 765 ita
2537 714 2706 757 paor.
2738 712 2796 755 v.

369 796 484 872 hL
521 797 617 870 ad
652 796 761 871 eb.
2522 781 2808 820 ‘’q“

472 912 662 985 Sunt
716 933 892 1007 ergo
927 911 1049 1002 Zc,
1077 909 1216 1003 lzL,
1239 910 1352 1000 eb,
1401 912 1554 987 sive
1589 912 1737 1004 AZ,
1762 912 1902 1004 Ab,
1929 912 2063 1004 Ae,
2100 914 2445 989 continue

368 1024 977 1120 proportionales,

473 1138 781 1211 Constat
816 1139 986 1212 hinc
1023 1150 1299 1214 rectam
1325 1137 1464 1232 AQ
1496 1140 1848 1237 aequalem
1884 1164 2040 1215 esse
2066 1140 2444 1237 duplaeeb.

474 1250 781 1325 Constat
813 1265 1176 1348 praeterea
1209 1278 1460 1327 arcum
1488 1256 1618 1344 Zn,
1656 1253 1958 1327 ductum
1995 1279 2040 1328 a
2074 1255 2279 1328 radio
2313 1254 2444 1328 AZ

371 1375 449 1437 et
483 1365 955 1437 terminatum
990 1367 1067 1438 in
1105 1363 1267 1456 AG,
1303 1378 1377 1440 et
1411 1380 1687 1441 rectam
1716 1365 1849 1456 le,
1888 1391 2135 1440 secare
2168 1382 2445 1443 rectam

376 1475 513 1550 AO
548 1477 625 1550 in
661 1501 809 1551 uno
845 1488 921 1550 et
967 1477 1224 1552 eodem
1259 1491 1564 1577 puncto.
1666 1478 1970 1577 Alioqui
2002 1504 2153 1553 non
2201 1495 2448 1556 essent

373 1589 495 1680 Ze,
517 1588 656 1680 lzL,
682 1588 769 1663 eb
803 1591 1152 1665 continue
1185 1593 1788 1690 proportionales.

1091 1854 1579 1908 PROPOSITIO
1611 1855 1728 1907 VI.

487 1967 587 2040 Ut
618 1966 822 2042 latus
858 1969 983 2044 CG
1015 1968 1136 2043 vel
1164 1969 1324 2060 AC,
1351 1970 1461 2044 ad
1487 1971 1590 2044 Ze
1616 1968 1734 2043 vel
1758 1970 1904 2060 AZ,
1934 1969 2046 2045 ita
2076 1981 2192 2044 est
2213 1971 2323 2044 Ae
2345 1971 2455 2044 ad

371 2082 746 2155 semissem
780 2081 1051 2156 lateris
1087 2083 1219 2157 CG
1254 2083 1372 2156 vel
1401 2084 1556 2157 AC.

475 2197 780 2272 Secetur
837 2199 1032 2272 enim
1089 2196 1221 2275 AC
1265 2199 1603 2273 bifariam
1647 2198 1725 2271 in
1758 2199 1828 2289 lc,
1866 2197 2319 2294 ducaturque
2372 2196 2456 2271 ld

374 2312 722 2407 parallela
756 2309 906 2402 OG,
940 2336 1194 2387 secans
1231 2311 1369 2389 AG
1402 2314 1479 2386 in
1516 2312 1568 2387 l.
1674 2313 2040 2388 Quoniam
2078 2322 2451 2387 ostensum

374 2436 489 2498 est
523 2425 639 2515 Gi,
669 2425 817 2515 CG,
841 2424 957 2500 Ae
991 2450 1148 2499 esse
1174 2427 1521 2500 continue
1556 2426 2159 2523 proportionales,
2194 2426 2335 2499 erit
2368 2437 2451 2499 ut

375 2537 502 2613 GC
536 2538 632 2612 ad
666 2538 1036 2612 semissem
1071 2538 1188 2630 Gi,
1224 2539 1332 2613 ita
1358 2539 1471 2613 Ae
1502 2539 1600 2613 ad
1633 2539 2003 2613 semissem
2027 2538 2275 2614 lateris
2303 2539 2450 2630 OG,

375 2650 454 2723 id
500 2662 637 2738 est,
687 2662 770 2725 ut
823 2651 954 2728 AC
989 2652 1107 2727 vel
1144 2654 1272 2726 CG
1321 2654 1420 2728 ad
1451 2654 1553 2728 Zc
1587 2654 1701 2727 vel
1737 2651 1893 2744 AZ,
1929 2654 2037 2727 ita
2069 2652 2183 2727 Ae
2216 2655 2332 2728 vel
2365 2653 2453 2727 eb

378 2763 476 2836 ad
510 2763 626 2836 Alc
659 2762 774 2836 vel
809 2761 905 2835 kl.

1062 2960 1560 3016 PROPosl'rlo
1625 2964 1778 3015 vn.

484 3077 946 3164 Quadratum
972 3076 1067 3150 ab
1101 3079 1225 3151 ΑΖ
1259 3077 1377 3152 vel
1403 3079 1503 3153 Zc
1537 3078 1818 3176 oequale
1847 3090 1967 3153 est
1999 3078 2245 3152 decem
2277 3103 2458 3177 qua·

380 3190 627 3264 dratis
662 3215 713 3263 a
748 3198 1020 3286 quarta
1041 3201 1281 3288 parte
1314 3190 1583 3265 lateris
1618 3191 1772 3266 AC.

483 3303 945 3380 Quadratum
981 3304 1175 3377 enim
1204 3305 1296 3378 ab
1324 3305 1458 3380 AO
1485 3305 1766 3401 aequale
1799 3314 1908 3378 est
1937 3303 2256 3399 quinque
2282 3327 2457 3400 qua·

380 3416 608 3491 dratis
655 3442 703 3490 a
754 3416 1142 3491 semiradio
1192 3417 1346 3507 CO,
1395 3417 1472 3491 id
1528 3430 1665 3507 est,
1699 3417 1961 3513 viginti
1994 3417 2370 3514 quadratis
2414 3442 2461 3491 a

380 3541 645 3625 quarta
710 3541 919 3627 parte
988 3530 1141 3604 AC.
1269 3530 1418 3605 Sed
1476 3531 1637 3617 Ao,
1704 3530 1819 3603 Ac
1883 3542 2056 3604 sunt
2114 3530 2450 3627 aequaleS.

381 3643 630 3717 Quare
661 3643 1100 3740 quadratum
1134 3645 1227 3718 ab
1261 3646 1372 3719 Ac
1399 3644 1677 3741 aequale
1712 3656 1825 3717 est
1858 3643 2117 3739 viginti
2145 3643 2453 3740 quadra-

379 3756 477 3830 tis
512 3781 558 3829 a
589 3769 853 3852 quarta
884 3769 1095 3854 parte
1122 3758 1281 3834 AC.
1386 3757 1534 3831 Sed
1570 3758 2009 3854 quadratum
2050 3757 2142 3829 ab
2178 3756 2288 3829 Ac
2323 3756 2456 3829 du-

379 3868 582 3965 plum
618 3880 730 3942 est
764 3869 1102 3965 quadrati
1136 3871 1229 3944 ab
1271 3871 1395 3943 ΑΖ
1428 3871 1545 3944 vel
1580 3870 1699 3943 Zc.
1788 3870 1986 3966 Ergo
2023 3869 2458 3964 quadratum

382 3982 475 4054 ab
503 3982 633 4054 AZ
662 3982 781 4055 vel
816 3982 917 4055 Ze
952 3982 1230 4078 aequale
1265 3994 1379 4057 est
1414 3983 1665 4057 decem
1704 3983 2081 4079 quadratis
2114 4007 2162 4055 a
2195 3997 2459 4082 quarta

380 4107 593 4189 parte
617 4094 869 4168 lateris
904 4094 1056 4169 AC.

489 4204 769 4281 Coroll.
825 4206 1289 4282 Quadratum
1336 4232 1381 4282 a
1437 4208 1531 4282 Gi
1580 4206 2069 4304 quadruplum
2114 4219 2226 4282 est
2281 4232 2457 4304 qua-

384 4319 579 4393 drati
616 4320 707 4392 ab
736 4320 887 4408 AZ,
922 4332 995 4393 et
1029 4320 1338 4417 proinde
1373 4319 1816 4418 quadratum
1850 4345 1895 4393 a
1927 4321 2023 4394 Gi
2047 4320 2324 4416 aequale
2350 4331 2463 4393 est

386 4431 873 4529 quadraginta
907 4434 1282 4531 quadratis
1315 4459 1363 4521 ¹a
1388 4445 1651 4533 quarta
1683 4444 1895 4533 parte
1927 4434 2175 4509 lateris
2208 4432 2359 4506 AC.

583 4567 771 4625 von.
802 4568 918 4622 lv,
2113 4570 2169 4619 K
2209 4569 2265 4623 Κ
