3094 5125
1058 480 1166 532 nc
1209 481 1551 534 NATURA
1589 481 1861 535 Aulus.
2357 468 2504 546 257

521 648 617 722 A.
674 647 822 722 Sed
865 660 943 721 et
983 649 1361 745 particulae
1411 649 1580 738 illae,
1622 674 1785 746 quae
1831 651 2295 746 interspersae
2349 655 2502 726 aeri

420 763 524 835 ita
559 773 944 836 moventur
977 774 1063 836 ut
1097 763 1632 859 supposuimuS,
1678 763 1909 859 magis
1945 762 2297 839 confertae
2332 778 2501 840 sunt

419 873 509 946 ad
570 874 891 947 radicem
954 875 1224 947 montis
1287 897 1507 970 quam
1562 874 1640 947 in
1699 899 2006 949 summo.
2112 875 2307 950 Nam
2357 878 2502 951 hoc

418 1011 703 1083 quoque
733 987 1271 1083 supposuimus,

511 1100 610 1172 B.
665 1100 750 1172 In
785 1123 913 1172 vas
967 1111 1304 1195 apertum
1355 1096 1756 1173 infudimus
1816 1125 2130 1197 aquam;
2183 1103 2261 1175 in
2311 1127 2503 1199 aqua

415 1213 733 1286 fistulam
787 1212 1177 1285 statuimus
1231 1221 1581 1300 erectam,
1628 1212 1948 1311 longam,
2003 1216 2499 1290 exilissimam.

415 1326 976 1400 observavimus
1045 1340 1292 1398 autem
1360 1348 1629 1419 aquam
1701 1351 1743 1401 e
1803 1353 1976 1402 vase
2031 1330 2362 1426 subjecto
2423 1331 2501 1404 in

414 1453 732 1512 erectam
770 1438 1090 1511 fistulam
1122 1441 1562 1515 ascendisse.

511 1552 611 1624 A.
665 1552 823 1625 Nec
860 1552 1148 1651 mirum.
1253 1553 1448 1626 Nam
1504 1554 1966 1649 superficiem
2022 1579 2230 1651 aquae
2272 1557 2501 1652 parti-

412 1666 595 1739 culae
630 1666 784 1738 aeri
818 1665 1283 1761 interspersae
1318 1690 1672 1762 aquaeque
1700 1668 2091 1763 contiguae,
2121 1680 2333 1742 motu
2367 1693 2500 1743 suo

411 1779 945 1862 verberabant;
999 1778 1103 1851 ita
1161 1789 1246 1851 ut
1304 1803 1497 1875 aqua
1549 1803 1697 1852 non
1749 1780 1994 1876 potuit
2047 1781 2123 1853 in
2177 1781 2500 1853 fistulam

411 1917 560 1966 non
622 1891 1040 1980 ascendere,
1080 1903 1155 1965 et
1205 1891 1647 1965 sensibiliter
1698 1891 1996 1986 quidem
2051 1894 2126 1966 in
2178 1893 2500 1966 fistulam

409 2006 622 2079 valde
656 2017 1068 2100 angustam.

509 2118 603 2192 B.
660 2120 1019 2192 Revertor
1078 2119 1175 2192 ad
1233 2120 1721 2215 phaenomena
1781 2118 2139 2192 machinae
2200 2131 2497 2193 nostrae.

414 2233 491 2306 Si
529 2233 689 2328 quis
736 2245 904 2329 post
956 2232 1467 2328 impulsionem
1520 2231 2148 2328 revulsionemque
2186 2231 2499 2304 suctoris

412 2345 796 2441 aliquoties
859 2347 1274 2440 repetitam,
1336 2344 1804 2442 epistomium
1870 2346 2167 2441 superni
2236 2344 2496 2417 orificii

411 2458 830 2555 recipientis
892 2470 1200 2532 conetur
1246 2460 1655 2549 extrahere,
1698 2459 2024 2532 inveniet
2071 2457 2251 2532 illud
2283 2457 2497 2529 valde

410 2573 803 2669 gravitare,
854 2583 1206 2668 tauquam
1248 2573 1311 2645 si
1361 2573 1762 2646 multarum
1811 2573 2165 2646 librarum
2209 2571 2497 2669 pondus

411 2688 503 2760 ab
541 2711 628 2760 eo
664 2684 1041 2783 penderet.
1148 2685 1364 2759 Unde
1394 2685 1758 2782 contingit
1788 2686 1933 2759 hoc
1963 2682 1987 2759 ἓ

513 2801 613 2874 Α.
666 2799 782 2872 Ab
839 2799 1052 2887 aeriS,
1117 2799 1245 2895 qui
1299 2811 1411 2872 est
1470 2799 1549 2872 in
1612 2799 2038 2894 recipiente,
2098 2798 2498 2871 fortissimo

415 2924 686 2987 conatu
753 2911 1114 2999 circulari,
1180 2912 1378 2985 facto
1436 2935 1483 2985 a
1533 2911 1860 2984 violento
1922 2911 2258 3007 ingressu
2311 2911 2502 2983 aeris

415 3029 609 3100 inter
675 3024 1133 3122 superficiem
1206 3025 1517 3098 suctoris
1586 3047 1989 3096 convexam
2056 3035 2131 3097 et
2189 3022 2502 3120 cylindri

417 3163 840 3228 concavam,
887 3150 1242 3233 generato
1302 3162 1435 3235 per
1480 3138 1822 3210 iteratam
1877 3137 2077 3209 illam
2128 3137 2502 3232 impulsio-

414 3279 583 3328 nem
635 3252 1262 3349 revulsionemque
1308 3251 1643 3338 suctoriS,
1681 3275 1903 3346 quam
1936 3274 2065 3321 vos
2117 3273 2505 3346 perperam

414 3366 694 3442 vocatis
751 3364 1215 3437 exuctionem
1266 3365 1478 3438 aeris,
1604 3363 1797 3436 Nam
1857 3376 2163 3460 propter
2220 3376 2506 3435 naturae

415 3478 975 3577 plenitudinem,
1006 3477 1470 3574 epistomium
1508 3477 1798 3550 extrahi
1831 3501 1983 3550 non
2019 3486 2286 3573 potest,
2325 3476 2505 3571 quin

415 3618 562 3685 aer,
602 3592 729 3688 qui
765 3605 878 3664 est
913 3592 991 3664 in
1027 3591 1428 3687 recipiente
1475 3591 1860 3687 epistomio
1911 3590 2322 3685 contiguus,
2358 3612 2508 3661 una

420 3704 912 3779 extrahendus
971 3703 1087 3777 sit.
1196 3703 1345 3778 Qui
1404 3702 1701 3799 quidem
1760 3727 1888 3776 aer
1949 3703 2009 3775 si
2072 3702 2504 3798 quiesceret,

416 3818 759 3893 facillime
808 3817 1276 3914 epistomium
1325 3828 1778 3913 sequeretur.
1886 3815 2034 3889 Sed
2089 3816 2263 3888 dum
2308 3813 2506 3887 velo-

421 3933 704 4006 cissime
775 3930 1061 4019 circuit,
1116 3933 1295 4005 satis
1359 3930 1748 4003 difficulter
1816 3929 2168 4026 sequitur,
2225 3926 2302 4000 id
2373 3939 2506 4015 est,

419 4046 712 4120 videtur
746 4068 903 4118 esse
936 4043 1149 4117 valde
1185 4043 1451 4140 gravis.

515 4159 612 4235 B.
664 4158 1076 4232 Verisimile
1113 4169 1247 4230 est.
1353 4157 1550 4230 Nam
1602 4169 1689 4230 ut
1748 4179 1875 4230 aer
1928 4177 2159 4227 novus
2201 4153 2276 4225 in
2323 4154 2509 4226 reci-

418 4275 625 4369 piens
658 4272 1018 4369 paulatim
1052 4270 1491 4356 admittitur,
1528 4271 1748 4344 etiam
1798 4278 2273 4364 apparentem
2309 4265 2508 4339 illam

422 4387 862 4482 gravitatem
896 4384 1250 4478 paulatim
1290 4382 1561 4481 perdit.
1661 4382 1997 4455 Vidimus
2033 4380 2210 4452 item
2244 4403 2509 4475 aquam

622 4519 810 4571 voL.
850 4518 961 4569 lv,
2268 4514 2305 4565 s
