3094 5125
790 528 1433 581 MATHEMAncAE
1475 528 1963 581 nonmmsm.
2289 514 2424 581 125

321 696 789 792 quantitates
839 720 964 769 eas
1018 719 1177 769 esse
1236 720 1546 793 quarum
1598 719 1959 770 mensurae
2020 717 2425 790 congruere

320 822 665 904 possunt.

428 922 539 995 A.
595 922 743 995 Sed
777 946 1116 1017 quaenam
1162 947 1508 997 mensura
1541 936 1657 996 est
1706 946 1853 1019 qua
1904 933 2427 1019 computantur

319 1034 532 1107 inter
596 1058 674 1107 se
737 1034 905 1107 duae
989 1035 1363 1109 rationes?
1501 1035 1642 1109 Per
1712 1036 1981 1109 lineam
2069 1035 2427 1109 minorem

321 1149 686 1221 metimur
736 1149 1140 1243 majorem3
1203 1160 1277 1222 et
1331 1172 1465 1245 per
1524 1148 1985 1245 superficiem
2043 1149 2426 1236 minorem,

322 1263 690 1357 majorem
718 1261 1177 1356 superficiem
1202 1293 1222 1345 ς
1274 1261 1647 1351 nimirum,
1675 1286 1900 1335 unam
1935 1262 2150 1335 alteri
2176 1286 2429 1359 super-

321 1374 706 1470 ponendo.
815 1373 961 1447 Sed
995 1398 1090 1447 an
1142 1387 1219 1446 et
1252 1375 1615 1448 rationem
1666 1377 2021 1471 majorem
2075 1399 2429 1471 superpo-

324 1487 582 1561 nendo
618 1486 988 1576 metimur,
1024 1486 1139 1559 vel
1173 1488 1364 1560 ratio
1399 1487 1672 1561 rationi
1700 1489 2096 1585 superponi
2130 1491 2424 1584 potest?

431 1598 528 1670 B.
586 1599 918 1672 Minime.
1011 1598 1157 1672 Sed
1191 1612 1500 1697 possunt
1535 1600 1986 1697 quantitates
2024 1602 2223 1698 ipsae,
2252 1626 2429 1699 qua-

327 1737 500 1788 rum
559 1713 754 1787 ratio
817 1712 1198 1808 quaeritur,
1261 1737 1409 1786 una
1467 1737 1688 1811 supra
1755 1714 1973 1787 aliam
2039 1716 2273 1811 poni;
2352 1728 2429 1788 et

331 1828 659 1901 rationes
727 1827 907 1923 ipsae
961 1826 1066 1900 sic
1134 1828 1593 1923 comparari;
1675 1840 1760 1901 ut
1818 1829 1996 1901 feeit
2068 1829 2429 1917 Hobbius,

332 1940 513 2036 Cap.
548 1941 702 2014 xiii.
743 1941 903 2014 Art.
939 1948 1012 2028 6,
1050 1940 1221 2013 libri
1260 1962 1366 2014 nn
1407 1961 1820 2028 CORPORE,
1862 1940 1942 2013 in
1989 1964 2135 2036 quo
2191 1942 2429 2038 capite

330 2052 795 2127 theoremeta
876 2053 1239 2127 Elementi
1307 2055 1546 2151 quinti
1616 2053 1941 2126 Euclidis
2010 2054 2279 2142 omnia,
2349 2067 2428 2128 et

332 2165 695 2240 nonnulla
726 2166 871 2238 alia
903 2189 1052 2239 non
1102 2167 1345 2240 minus
1379 2165 1714 2262 pulchra,
1766 2166 2088 2239 breviter
2139 2177 2214 2240 et
2263 2191 2431 2265 per-

333 2280 589 2377 spicue
627 2278 1184 2353 demonstravit.

432 2393 534 2466 A.
593 2392 674 2465 Si
732 2392 823 2464 ab
884 2391 1026 2465 illis
1086 2415 1248 2487 quae
1307 2391 1410 2466 ibi
1466 2392 1669 2466 dieta
1726 2403 1902 2465 sunt
1960 2415 2170 2466 suam
2235 2391 2429 2466 hano

333 2507 710 2580 rationum
778 2505 1447 2602 homogeneitatem
1509 2505 1893 2595 derivavit,
1950 2518 2151 2580 recte
2204 2504 2426 2591 fecit3

334 2620 415 2692 id
446 2618 762 2693 nescivit
800 2630 1072 2691 tamen.
1172 2618 1561 2708 Praeterea,
1598 2618 1797 2715 quod
1831 2619 2014 2693 dicit
2046 2619 2316 2692 lineam
2350 2632 2428 2692 et

335 2733 629 2829 pondus
661 2731 1157 2827 heterogeuea
1190 2754 1371 2821 esse,
1407 2755 1665 2803 verum
1698 2741 1849 2815 est;
1897 2742 2143 2828 potest
2176 2744 2427 2806 tamen

338 2870 496 2919 esse
538 2858 626 2917 ut
672 2868 926 2917 eorum
982 2844 1426 2940 quantitates
1482 2844 1633 2917 sint
1680 2844 2199 2940 homogeneae;
2255 2869 2426 2917 nam

333 2968 420 3030 ut
455 2957 673 3030 lineae
709 2956 805 3029 ad
839 2956 1108 3030 lineam
1143 2956 1333 3029 ratio
1360 2956 1438 3029 in
1466 2955 1749 3029 duabus
1778 2955 1990 3030 lineis
2017 2957 2425 3049 exhibetur,

335 3071 445 3144 sie
482 3070 710 3142 etiam
746 3070 1049 3141 eorum*
1085 3068 1499 3165 ponderum
1532 3069 1722 3143 ratio
1771 3069 1849 3142 in
1901 3070 2184 3144 duabus
2216 3071 2428 3145 lineis

334 3182 670 3256 exhiberi
705 3194 975 3279 potest.
1081 3181 1185 3254 Ut
1221 3182 1418 3254 enim
1467 3183 1698 3255 cubus
1754 3181 1849 3254 ad
1904 3184 2173 3257 cubum
2235 3187 2429 3280 ejus-

333 3297 510 3369 dem
559 3295 887 3368 materiae
934 3294 1261 3389 duplum,
1316 3294 1420 3367 ita
1472 3307 1587 3367 est
1646 3294 1937 3390 pondus
1991 3296 2087 3369 ad
2139 3299 2428 3392 pondus

333 3409 646 3505 duplum
678 3438 697 3492 3
751 3418 826 3480 et
858 3419 945 3480 ut
979 3409 1339 3481 utrumvis
1375 3407 1471 3480 ad
1505 3431 1720 3480 suum
1746 3407 2076 3505 duplum,
2107 3409 2211 3482 ita
2235 3410 2431 3484 linea

333 3522 439 3596 ad
471 3522 743 3595 lineam
777 3520 1097 3617 duplam.
1170 3521 1330 3594 Erit
1365 3544 1541 3617 ergo
1569 3533 1654 3593 ut
1688 3522 2061 3617 quantitas
2086 3523 2430 3619 ponderis

337 3635 438 3710 ad
465 3633 1006 3732 longitudinem
1040 3632 1254 3707 lineae
1290 3657 1455 3730 quae
1497 3633 1740 3728 ipsum
1775 3647 2271 3730 repraesentat,
2325 3639 2432 3712 ita

339 3750 720 3844 quantitas
787 3746 1133 3842 ponderis
1202 3746 1408 3844 dupli
1469 3746 1567 3820 ad
1624 3746 2160 3845 longitudinem
2218 3751 2431 3825 lineae

344 3863 585 3960 duplae
617 3863 858 3958 ipsum
885 3861 1504 3957 repraesentantis.
1588 3861 1733 3934 Sed
1769 3864 2223 3959 pergo—Si
2250 3889 2433 3936 eom-

328 3987 682 4074 paretur,
720 3974 983 4072 inquit,
1020 3974 1277 4072 quoad
1313 3974 1676 4048 rationem
1712 3975 2324 4074 quadripondium
2356 3987 2431 4049 et

342 4087 788 4188 bipondium,
816 4088 1016 4161 ratio
1049 4098 1163 4160 est
1196 4087 1433 4185 dupla
1456 4115 1485 4171 ,·
1532 4088 1605 4160 ei
1629 4086 1826 4160 linea
1848 4087 2432 4187 quadrupedalis

339 4203 448 4277 ad
482 4199 878 4303 pedalem,
930 4200 1129 4273 ratio
1176 4210 1293 4273 est
1347 4198 1772 4298 quadrupla
1794 4228 1823 4284 ;
1876 4226 2043 4300 quae
2098 4200 2431 4274 rationes

335 4317 442 4391 ad
485 4315 803 4390 invicem
845 4313 1270 4412 comparari
1307 4323 1652 4411 possunt,
1697 4338 1979 4411 nempe,
2020 4312 2178 4385 hoee
2223 4312 2430 4387 illius

576 4505 614 4540 ⁴*
667 4500 770 4560 Sic
796 4500 953 4560 Edit.
989 4504 1159 4561 1668.
1246 4499 1455 4574 Quaero
1487 4506 1523 4536 “
1540 4501 1789 4558 duorum
1815 4500 2189 4576 ponderum.''

2499 721 2801 764 manneus

2612 804 2698 843 111.

2502 872 2791 911 s-—f--ae
