3094 5125
696 474 788 542 56
1126 491 1812 545 EXAMINATIO‘ET
1850 492 2346 546 EMENDATIO

318 676 619 723 nutocus
691 657 1072 755 principia,
1097 672 1453 755 quantum
1482 660 1643 732 fieri
1678 669 1946 756 potest,
1975 659 2524 735 accuratissime
2549 670 2794 733 statu·-

426 762 493 802 11.

321 828 608 865 s-wo
691 796 921 862 amus,
974 774 1387 868 praesertim
1446 797 1535 846 ea
1588 773 1854 870 quibus
1907 786 2243 861 utuntur,
2298 774 2392 847 ab
2445 772 2791 861 Euclide,

688 884 1188 959 mathematici
1223 908 1523 960 omnes:
1578 900 1663 959 ut
1698 911 1863 983 quae
1898 887 1974 960 in
2017 888 2161 961 illis
2198 900 2545 961 accurata
2578 898 2791 975 sunt,

687 998 908 1071 etiam
967 1022 1102 1071 nos
1163 1010 1506 1083 utamur;
1576 1023 1742 1096 quae
1798 1015 2146 1075 accurata
2190 1025 2338 1074 non
2394 1010 2566 1073 sunt
2612 1023 2792 1073 cor-

687 1112 1058 1208 rigamus;
1113 1126 1190 1187 et
1225 1138 1388 1210 quae
1436 1112 1703 1187 desunt
1737 1114 2229 1211 suppleamus,
2342 1114 2534 1188 Sunt
2579 1113 2789 1186 enim

687 1246 863 1299 vera
907 1237 984 1298 et
1016 1238 1362 1300 accurata
1392 1226 1758 1323 principia
1790 1228 2289 1324 legitimarum
2324 1226 2800 1301 demonstra*

687 1339 973 1413 tionum
1042 1351 1314 1428 κριτήριον
1380 1340 1706 1413 unicum.
1860 1341 2211 1415 Definitio
2279 1365 2456 1436 ergo
2519 1336 2788 1436 puncti

689 1462 1129 1523 accuratene
1180 1450 1453 1524 tradita
1506 1462 1621 1524 est
1699 1453 1791 1526 ab
1869 1452 2196 1543 Euclide,
2266 1476 2530 1548 nempe
2591 1452 2787 1538 haec,

675 1573 1033 1662 punctum
1069 1572 1185 1635 est
1219 1565 1427 1659 cujus
1459 1563 1666 1637 nulla
1700 1576 1815 1639 est
1835 1590 2039 1664 pars
2066 1571 2109 1640 9

788 1673 883 1749 A.
935 1676 1306 1749 Accurata
1338 1689 1473 1766 est,
1511 1677 1640 1751 sed
1674 1702 1720 1751 a
1751 1678 2149 1774 geometris
2182 1679 2554 1776 plerisque
2586 1675 2785 1751 male

689 1788 1085 1864 intellecta.
1190 1791 1384 1863 Nam
1418 1792 1643 1865 verba
1681 1793 1865 1879 haec,
1902 1793 2114 1889 cujus
2161 1792 2372 1867 nulla
2404 1800 2521 1866 est
2549 1815 2781 1891 para,

689 1902 798 1975 ita
852 1901 1299 1999 intelligunt,
1364 1904 1573 2001 quasi
1629 1904 1987 2000 scriptum
2056 1916 2249 1978 esset
2307 1906 2520 2001 cujus
2574 1902 2788 1976 nulla

676 2024 933 2115 potest
968 2040 1134 2089 esse
1153 2042 1381 2116 pars.
1483 2017 1752 2090 Nonne
1805 2016 2100 2091 videtur
2155 2019 2292 2092 tibi
2351 2018 2556 2091 aliud
2616 2040 2781 2091 esse

691 2139 932 2201 actum
964 2153 1260 2226 negare,
1296 2129 1496 2203 aliud
1531 2153 1802 2226 negare
1826 2131 2235 2227 potentiam
2262 2134 2308 2206 2

788 2240 885 2315 B.
938 2242 1276 2338 Negatur
1308 2253 1520 2314 actus
1554 2259 1711 2315 tum
1762 2268 1931 2316 cum
1984 2244 2255 2317 dicitur
2306 2268 2464 2318 esse
2509 2243 2782 2317 indivi-

690 2378 845 2426 sum
858 2382 887 2436 ;
919 2366 1232 2451 negatur
1254 2356 1626 2454 potentia,
1654 2380 1823 2430 cum
1851 2357 2121 2431 dicitur
2148 2381 2304 2431 esse
2329 2357 2776 2431 divisibile!

689 2466 1012 2539 Euclidis
1081 2491 1258 2564 ergo
1324 2467 1655 2541 definitio
1720 2470 1912 2544 tollit
1979 2470 2234 2569 puncti
2292 2470 2773 2555 divisionem;

692 2592 772 2651 at
832 2581 1318 2676 quantitatem
1372 2606 1521 2655 non
1576 2583 1790 2657 tollit.
1916 2583 2119 2656 Nihil
2181 2587 2378 2663 enim
2443 2584 2770 2681 impedit,

694 2715 840 2787 quo
874 2693 1115 2767 minus
1149 2703 1498 2792 quantum
1533 2695 1629 2768 sit
1664 2694 1741 2768 id
1777 2696 1974 2793 quod
2011 2710 2122 2770 est
2158 2696 2572 2770 indivisum.
2660 2697 2773 2770 Illi

691 2918 963 2993 tollunt
1016 2921 1505 3016 quantitatem
1563 2924 1743 3018 ejuS,
1794 2937 1871 2996 et
1918 2924 2200 2997 faciunt
2257 2936 2341 2997 ut
2396 2925 2494 2997 sit
2539 2924 2774 3008 nihil,-

693 3033 890 3128 quod
957 3034 1345 3130 aliquoties
1399 3034 1579 3107 facit
1638 3035 2011 3108 Wallisius
2082 3036 2156 3108 in
2221 3037 2558 3110 omnibus
2617 3040 2778 3135 ejus

693 3147 894 3219 libris
930 3148 1489 3221 mathematicis,

775 3258 883 3331 A.
942 3260 1220 3334 Divisio
1243 3272 1356 3334 est
1381 3283 1565 3357 opus
1593 3261 2045 3346 intellectus;
2075 3261 2455 3336 intellectu
2469 3263 2775 3337 facimus

693 3385 961 3469 parteS.
1036 3375 1294 3471 Itaque
1329 3376 1733 3448 astronomi
1768 3398 1917 3448 non
1952 3375 2031 3448 in
2066 3376 2331 3449 coelum
2368 3376 2777 3451 ascendunt

693 3500 778 3559 ut
813 3488 1135 3583 sphaeras
1170 3487 1528 3577 dividant,
1566 3488 1694 3561 sed
1731 3489 1939 3584 quasi
1975 3488 2244 3562 divisas
2279 3490 2776 3565 considerant.

693 3600 900 3674 Idem
935 3625 1111 3698 ergo
1147 3614 1261 3676 est
1279 3601 1879 3699 partes-facere,
1916 3602 2114 3699 quod
2136 3612 2411 3702 partes
2444 3605 2776 3679 consid&

692 3740 894 3788 rare.
996 3716 1153 3810 Ego
1204 3739 1378 3788 vero
1418 3726 1804 3814 punctum,
1852 3715 2113 3790 eodem
2169 3740 2411 3806 sensu,
2463 3716 2593 3790 sed
2661 3718 2778 3810 (ut

692 3851 873 3900 voce
909 3851 994 3900 ea
1030 3828 1139 3901 uti
1171 3829 1561 3924 possimus)
1607 3829 1768 3902 aliis
1804 3830 2069 3919 verbiS,
2125 3830 2231 3903 ita
2278 3827 2778 3904 definiendum

692 3940 1107 4014 accuratius
1142 3964 1297 4014 esse
1333 3966 1640 4015 censeo:
1685 3952 2037 4041 punctum
2070 3953 2185 4016 est
2228 3966 2527 4042 corpus,
2565 3945 2780 4040 στήτω·

691 4078 833 4128 non
866 4054 1410 4145 consideratur,
1446 4056 1534 4129 id
1562 4067 1701 4146 est,
1736 4081 1878 4129 non
1912 4056 2147 4129 intrat
2188 4057 2264 4129 in
2318 4056 2777 4130 demonstra-

692 4168 954 4240 tionem
982 4170 1537 4265 geometricam,
1576 4169 1733 4242 nlla
1770 4169 2175 4265 quantita-5¹.

795 4281 892 4354 B.
949 4280 1369 4355 Secundum
1397 4281 1899 4355 definitionem
1917 4282 2134 4372 hanc,
2158 4281 2605 4377 impossibile
2637 4293 2775 4370 est,

1036 4481 1070 4514 ³*
1119 4481 1215 4541 Sic
1244 4481 1399 4539 Edit.
1429 4481 1597 4539 1668.
1685 4479 1893 4551 Quaerc
1925 4481 2378 4540 “indivisibile”
2406 4481 2431 4539 ?
