3094 5125
717 510 1347 565 MA'rnnMArrcAE
1387 508 1871 561 nonrnRNAE.
2195 492 2330 558 145

363 681 457 754 A.
510 681 685 754 Sive
731 681 976 778 lapsus
1021 681 1138 771 sit,
1190 680 1340 753 sive
1394 701 1745 751 arcanum
1796 676 2095 772 aliquod
2155 675 2335 748 artis
2406 695 2702 739 numana

262 794 708 891 symbolicae,
731 795 881 867 vim
908 805 1104 868 certe
1128 794 1351 867 habet
1379 816 1670 866 omnem
1692 790 2337 864 demonstrationis
2416 776 2700 883 L

259 907 478 1003 hujus
497 908 926 981 ulteriorem
947 908 1561 982 examinationem
1585 903 2053 1003 praecidendi.
2105 904 2339 977 Tran-

265 1021 588 1094 siliemus
625 1021 870 1117 Caput
912 1021 1362 1095 tricesimum
1409 1032 1777 1118 quartum,
1812 1030 1895 1092 ut
1929 1018 2127 1113 quod
2159 1016 2341 1090 nihil

268 1134 462 1208 aliud
495 1145 614 1207 est
663 1148 934 1229 praeter
983 1133 1380 1207 earundem
1430 1131 2135 1206 demonstrationum
2179 1130 2343 1203 bre-

268 1248 567 1336 viorem,
596 1258 672 1319 et
703 1247 858 1320 fere
893 1259 1127 1321 totam
1163 1247 1561 1343 symbolice
1595 1246 1967 1342 scriptam,
1996 1244 2344 1340 synopsin

274 1383 564 1434 caecam.
670 1360 910 1458 Caput
953 1361 1401 1435 tricesimum
1446 1361 1782 1457 quintum
1828 1369 1942 1431 est
1981 1357 2344 1432 Elementi

275 1476 511 1571 quinti
576 1475 902 1549 Euclidis
961 1475 1487 1549 demonstratio
1554 1472 2068 1556 arithmetica;
2147 1471 2345 1568 quod

275 1588 564 1684 quidem
589 1589 1052 1662 Elementum
1086 1589 1480 1685 symbolice
1517 1587 1821 1661 cuilibet
1854 1597 1933 1659 et
1965 1585 2114 1659 suis
2150 1609 2346 1681 sym-

275 1702 455 1774 bolis
492 1701 1003 1789 transcribere,
1035 1701 1248 1775 facile
1282 1712 1416 1774 est.

371 1814 470 1887 B.
529 1814 786 1888 Quid?
887 1814 1569 1887 Demonstrationes
1613 1813 1770 1908 ejus
1815 1809 2092 1884 nihilne
2147 1810 2346 1884 aliud

277 1939 443 2001 sunt
476 1937 748 2023 praeter
780 1927 1383 2024 transcriptiones
1419 1926 1444 1998 ?

370 2044 470 2113 A.
525 2041 698 2113 Non
732 2041 810 2114 id
843 2040 1056 2125 dico;
1111 2040 1240 2114 sed
1259 2064 1441 2113 ⁴cum
1490 2038 1709 2112 facile
1743 2037 1842 2110 sit
1892 2034 2347 2110 demonstra-

275 2153 513 2227 tiones
567 2145 889 2227 Euclidis
953 2177 1105 2227 una
1171 2177 1338 2227 cum
1407 2150 1954 2226 definitionibus
2023 2148 2349 2245 ejusdem

276 2268 598 2340 scribere
666 2266 1085 2364 symbolice,
1153 2267 1438 2340 facilius
1496 2278 1610 2340 est
1667 2265 2128 2338 theoremata
2193 2264 2350 2358 ejus

275 2375 544 2452 inferre
579 2403 672 2452 ex
705 2389 1079 2475 assumpta
1102 2380 1259 2452 sine
1283 2377 1908 2452 demonstratione
1934 2373 2350 2472 hypothesi.

275 2491 466 2568 Nam
502 2516 673 2566 cum
706 2503 945 2567 totum
973 2493 1156 2567 illud
1187 2493 1649 2568 Elementum
1678 2492 2013 2591 quintum
2048 2515 2138 2566 ex
2174 2491 2352 2567 defi-

275 2608 560 2682 nitione
606 2607 1015 2704 dependeat
1058 2609 1382 2702 ejusdem
1419 2608 1758 2697 rationis,
1809 2606 1955 2696 ille,
2015 2606 2352 2703 neglecta

278 2720 704 2794 definitione
787 2721 1135 2810 EuclidiS,
1210 2722 1372 2794 loco
1441 2722 1598 2816 ejus
1667 2721 2048 2795 substituit
2112 2721 2348 2793 hanc:

278 2830 679 2931 aequalitas
710 2832 863 2906 sive
894 2834 1244 2907 identitas
1276 2834 1590 2907 rationi-3
1625 2844 1741 2907 est
1773 2830 2168 2930 aequalitas
2201 2831 2355 2904 sive

281 2945 638 3020 identitas
695 2956 1098 3044 quotorum.
1223 2947 1506 3022 Deinde
1563 2946 1982 3043 subjungit:
2027 2955 2248 3043 puta,
2284 2945 2354 3017 si

284 3073 381 3144 sit
420 3045 612 3185 {533²-
639 3129 658 3161 ,
710 3054 822 3144 est
846 3083 923 3146 et
956 3097 1041 3146 a:
1078 3106 1116 3143 a
1147 3101 1164 3144 ε
1191 3101 1209 3144 :
1236 3073 1328 3145 b:
1364 3090 1430 3164 β,
1463 3082 1536 3145 et
1571 3081 1890 3155 contum
1924 3070 2126 3169 quod
2150 3068 2354 3142 nobis

285 3189 424 3262 erit
454 3189 903 3283 dqinitionis
931 3189 1111 3264 loco.
1218 3189 1592 3279 Similiter,
1615 3189 1974 3263 rationem
2004 3188 2355 3283 majorem

287 3313 361 3375 et
391 3304 750 3375 minorem
785 3302 1039 3378 definit
1072 3303 1220 3377 sic:
1273 3302 1401 3376 ubi
1446 3311 1715 3401 quotus
1762 3302 2000 3397 major
2045 3311 2184 3392 est,
2254 3300 2360 3374 ibi

288 3416 486 3489 ratio
520 3417 757 3511 major
775 3443 806 3499 ,·
855 3416 979 3489 ubi
1012 3417 1270 3506 minor,
1305 3417 1539 3488 minor
1574 3424 1711 3489 est.

382 3526 476 3601 B.
531 3529 936 3625 Propositio
971 3541 1103 3617 est,
1142 3527 1469 3601 definitio
1503 3552 1653 3602 non
1690 3538 1823 3601 est.
1917 3527 2359 3624 Quanquam

290 3652 533 3714 antem
583 3641 912 3714 definitio
957 3665 1106 3715 non
1158 3643 1275 3731 sit,
1335 3641 1465 3715 sed
1521 3642 1819 3738 propria
1877 3641 2140 3737 passi0,
2184 3665 2360 3717 vera

290 3765 533 3828 tamen
569 3756 709 3829 erit
739 3755 1290 3829 demonstratio.

385 3869 482 3941 A.
535 3869 720 3958 Erit,
767 3868 986 3941 modo
1028 3867 1187 3965 ipsa
1230 3869 1469 3964 passio
1522 3867 1748 3941 fuerit
1800 3868 2002 3964 prius
2056 3868 2359 3942 demon-
2444 3886 2447 3889 ·

289 3993 541 4055 strata.

390 4094 489 4167 B.
543 4095 1062 4167 Demonstrata
1095 4105 1207 4166 est
1249 4094 1506 4191 Capite
1540 4093 1792 4182 xxxiii,
1844 4117 1976 4190 per
2028 4090 2361 4189 proposi-

289 4206 567 4280 tionem
611 4216 697 4279 16
753 4208 983 4280 Elem.
1018 4207 1115 4279 vi.
1167 4202 1517 4296 Euclidis,
1578 4229 1866 4301 nempe,
1927 4205 1999 4277 si
2054 4211 2364 4299 quatuor

290 4324 753 4418 quantitates
773 4319 1080 4416 fuerint
1098 4318 1725 4419 proportionales,
1748 4318 2061 4417 factum
2095 4312 2191 4386 ab
2242 4336 2363 4387 ex-

488 4455 602 4507 vo
613 4455 680 4506 L.
714 4455 827 4505 1v.
2118 4450 2164 4503 Ι,
