3094 5125
973 501 1531 555 PROBLEMATA
1571 499 1958 554 PHYSIGA.
2357 485 2500 552 345

519 669 621 744 A.
675 668 825 744 Qui
881 669 1042 743 fieri
1083 682 1336 768 potest
1393 681 1480 743 ut
1520 668 1728 743 navis
1763 693 1808 742 a
1839 678 2062 742 vento
2107 678 2299 757 acta,
2335 690 2505 763 pro-

420 782 802 880 grediatur
853 793 1105 857 tamen
1166 783 1560 880 aliqnando
1610 782 1689 856 in
1740 780 2000 856 eadem
2038 780 2235 855 linea
2275 792 2503 871 recta,

389 896 629 994 ‚quasi
661 920 708 970 a
738 909 964 971 vento
997 921 1148 971 non
1186 897 1498 993 impulsa
1532 894 1673 970 sed
1696 895 2070 969 attracta?

523 1010 622 1083 B.
678 1009 881 1083 Scire
938 1010 1142 1139 prius
1204 1020 1523 1105 oportet,
1570 1008 1769 1106 quod
1827 1030 2094 1105 corpus
2155 1031 2373 1082 omne
2423 1007 2505 1083 in

421 1122 622 1197 aliud
656 1147 925 1221 corpus
957 1123 1397 1220 impingenS,
1426 1123 1581 1197 sive
1614 1121 2320 1219 perpendiculariter
2353 1121 2505 1195 sive

422 1236 714 1333 oblique
746 1235 1105 1326 incidenS‚
1142 1258 1430 1332 semper
1481 1246 1731 1309 tamen
1776 1234 1933 1330 agit
1981 1233 2060 1307 in
2112 1233 2307 1308 linea
2339 1258 2506 1331 quae

421 1359 535 1424 est
567 1348 663 1422 ad
697 1348 1159 1445 superficiem
1192 1348 1520 1445 corporis
1556 1348 1635 1421 in
1670 1346 1870 1445 quod
1904 1346 2166 1421 incidit
2197 1371 2507 1445 perpen-

423 1461 794 1536 dicularis.
896 1461 1231 1559 Exempli
1286 1485 1553 1536 causa:
1604 1461 1756 1558 pila
1804 1461 2044 1535 ferrea
2088 1485 2131 1535 e
2176 1461 2507 1559 sclopeto

420 1575 497 1650 in
532 1575 891 1672 parietem
924 1575 1168 1665 missa,
1205 1597 1367 1648 eam
1421 1576 1732 1649 aliamve
1785 1576 2170 1650 materiam
2219 1575 2325 1649 ita
2371 1575 2508 1647 im-

418 1688 652 1786 pellit,
687 1698 776 1763 ut
809 1711 981 1784 pars
1025 1687 1178 1761 icta
1224 1687 1572 1762 recedere
1626 1698 1936 1784 cogatur
1993 1687 2071 1760 in
2111 1687 2308 1761 linea
2339 1712 2506 1785 quae

426 1813 538 1874 est
597 1802 692 1875 ab
747 1801 1210 1898 superficiem
1269 1800 1922 1899 perpendicularis,
2024 1801 2221 1875 Nam
2274 1801 2337 1875 si
2386 1801 2510 1876 via

418 1914 590 2012 pilae
640 1915 737 1989 sit
789 1914 886 1989 ad
929 1915 1287 2011 parietem
1346 1914 1670 2011 obliqua,
1716 1926 1959 1988 motus
2004 1915 2162 2010 ejus
2207 1938 2507 2010 compo-

421 2040 642 2102 netur
674 2051 765 2101 ex
792 2027 1079 2101 duobus
1110 2026 1458 2118 motibus,
1482 2027 1716 2101 altero
1751 2027 1849 2101 ad
1878 2027 2236 2124 parietem
2271 2027 2509 2124 paral-

420 2139 589 2230 lelo,
657 2140 890 2215 altero
958 2139 1571 2238 perpendiculari.
1673 2142 1741 2213 A
1803 2163 2116 2237 quorum
2171 2151 2507 2215 motuum

421 2254 659 2350 primo
693 2254 940 2328 nullus
973 2254 1052 2327 in
1087 2254 1368 2350 pariete
1404 2255 1707 2328 effectus
1743 2277 1900 2328 esse
1932 2265 2198 2350 potest.
2300 2254 2509 2329 Ictus

421 2392 599 2466 ergo
633 2380 839 2442 totus
885 2367 1028 2441 erit
1059 2392 1107 2441 a
1136 2379 1348 2442 motu
1399 2368 1659 2458 alteru,
1705 2390 1973 2465 nempe
2021 2367 2507 2466 perpendicu-

419 2481 604 2556 lari:
656 2505 882 2579 quare
916 2505 1086 2579 pars
1122 2482 1425 2580 parietis
1481 2506 1828 2581 percussa
1868 2482 2168 2556 recedet
2199 2482 2278 2556 in
2309 2481 2509 2555 linea

420 2596 1007 2692 perpendiculari
1042 2596 1218 2670 sola.
1320 2597 1483 2671 Nec
1535 2598 1680 2673 nisi
1730 2598 1839 2672 ita
1885 2608 2098 2684 esset,
2132 2597 2281 2671 ulla
2315 2607 2509 2671 esset

421 2707 611 2782 ictus
662 2708 941 2805 obliqui
990 2721 1065 2783 et
1123 2710 1751 2808 perpendicularis
1798 2709 2214 2785 differentia
2263 2709 2512 2807 quoad

421 2821 622 2896 vim.-
701 2819 925 2896 Quod
957 2820 1223 2895 falsum
1256 2845 1415 2896 esse
1451 2824 1696 2896 sciunt
1730 2846 2009 2897 omnes.

525 2933 625 3008 A.
680 2933 1072 3008 Quomodo
1106 2945 1355 3009 autem
1387 2934 1549 3008 haec
1585 2934 1681 3008 ad
1713 2958 1975 3009 navem
2007 2935 2413 3011 transfers?

526 3046 625 3121 B.
680 3047 795 3120 Sit
826 3046 968 3119 AB
1016 3045 1247 3135 navis,
1279 3069 1504 3143 prora
1539 3047 1628 3122 A.

432 3159 478 3234 J
482 3183 600 3234 am
637 3159 700 3233 si
718 3169 982 3233 ventus
1018 3157 1245 3255 spiret
1271 3157 1364 3230 ab
1383 3158 1454 3231 A
1472 3180 1633 3231 ver-

421 3296 545 3347 sus
581 3273 667 3363 B,
693 3271 1043 3369 progredi
1076 3272 1284 3346 navis
1316 3294 1467 3344 non
1500 3294 1632 3368 po·

421 3398 597 3477 test,
659 3386 1321 3483 quomodocunque
1375 3385 1633 3459 obten-

421 3522 587 3573 sum
647 3499 742 3574 sit
795 3499 1061 3574 velum.
1168 3498 1281 3572 Sit
1343 3497 1482 3572 CD
1536 3495 1636 3570 ad

421 3634 687 3686 navem
718 3611 1367 3711 perpendicularis,
1394 3610 1636 3706 sitque

420 3724 665 3798 velum
688 3725 749 3797 E
764 3726 824 3799 C
859 3726 1155 3822 oblique
1206 3736 1521 3811 tensum,
1558 3722 1639 3795 in

424 3860 862 3934 quocunque
887 3838 1160 3936 angulo
1181 3839 1242 3911 E
1257 3838 1418 3912 CA.
1490 3835 1639 3910 Sit-

424 3973 567 4047 que
594 3949 712 4023 CF
731 3950 1353 4046 perpendicularis
1372 3948 1469 4023 ad
1486 3948 1639 4023 EC.

422 4060 648 4135 Vides
703 4085 880 4157 ergo
934 4085 1488 4158 progressuram
1535 4084 1801 4134 navem
1844 4084 1981 4157 pro
2033 4057 2320 4132 ratione
2368 4056 2514 4131 CA

422 4175 522 4250 ad
556 4175 716 4248 DF.

524 4289 625 4362 A.
677 4287 792 4361 Ita
827 4296 963 4361 est.
1067 4287 1214 4363 Sed
1249 4287 1312 4362 si
1345 4297 1608 4363 ventus
1642 4286 1798 4363 fere
1841 4280 2256 4360 contrarius
2290 4292 2509 4373 esset,

2610 694 2745 735 CAP·
2777 695 2860 735 VI.

2581 762 2869 797 s--r-—ae

2481 833 2599 877 ’De
2611 832 2688 891 plu
2658 833 2774 885 uvia,
2786 839 2931 884 vento,

2528 897 2931 956 ιιιίηιιηωιῑη-

2531 963 2596 1007 rie
2571 963 2775 1007 statibus
