3094 5125
1036 510 1708 565 anonim-minum.
2256 495 2403 561 449

431 674 709 750 Coroll.
746 675 825 749 ii.
905 676 1181 749 Juncta
1203 676 1326 750 AS
1365 689 1662 750 secante
1698 675 1826 749 CD
1860 675 1936 748 in
1975 674 2057 761 L,
2094 674 2235 747 erit
2269 674 2402 748 DL
2489 702 2626 744 cn.
2657 700 2767 746 xx.

323 790 621 886 aequalis
657 789 1198 863 semidiametro
1235 789 1511 877 circuli,
1547 791 1663 886 cuj
1674 814 1756 863 us
1790 787 2164 885 perimetri
2190 812 2398 883 quar·
2427 772 2786 873 Dm

323 913 419 976 tae
453 903 647 999 parti
701 902 998 1000 aequalis
1046 914 1157 975 est
1213 902 1461 975 radius
1496 901 1654 974 AB.
1761 902 1951 974 Sunt
2004 900 2196 973 enim
2255 900 2398 988 SB,
2425 893 2594 937 ⁰³‘⁰¹¹¹5·

314 1015 479 1104 AB,
510 1016 664 1105 DL,
699 1029 1003 1113 propter
1037 1014 1590 1089 similitudinem
1625 1014 2159 1111 triangulorum
2188 1012 2399 1102 SBA‚

321 1128 544 1217 ADL,
582 1128 930 1202 continue
965 1127 1573 1225 proportionales
1676 1128 1811 1200 Est
1866 1140 2117 1200 autem
2139 1127 2272 1200 „SB
2308 1128 2405 1200 ad

322 1241 482 1327 AB,
521 1254 600 1315 ut
634 1242 1000 1339 quadrans
1045 1241 1421 1337 perimetri
1475 1240 1572 1313 ad
1625 1240 1935 1314 radium.
2039 1241 2288 1316 Quare
2327 1252 2405 1314 et

324 1354 455 1427 AB
504 1354 600 1427 ad
644 1355 777 1428 DL
829 1365 939 1428 est
981 1365 1070 1426 ut
1110 1353 1476 1450 quadrans
1523 1354 1905 1450 perimetri
1949 1353 2045 1427 ad
2091 1354 2406 1445 radium,

321 1491 589 1564 nempe
623 1468 777 1541 DL.

431 1579 710 1654 Coroll.
771 1581 874 1654 iii.
964 1581 1274 1678 Sumpta
1333 1582 1408 1654 in
1470 1581 1608 1655 AD
1667 1592 1878 1678 parte
1927 1580 2080 1653 AM
2139 1582 2406 1678 aequali

324 1705 545 1767 rcctae
578 1694 734 1783 DL,
772 1695 1139 1790 ductaque
1173 1695 1350 1782 RM,
1387 1705 1462 1767 et
1495 1693 1864 1790 producta
1894 1692 1991 1765 ad
2047 1694 2163 1767 BS
2220 1694 2405 1767 inci-

324 1806 452 1880 det
484 1807 561 1880 in
599 1808 680 1881 C.
806 1808 991 1881 Cum
1042 1808 1237 1880 enim
1272 1808 1408 1880 AD
1443 1809 1540 1881 sit
1595 1807 1842 1880 radius
1892 1806 2145 1880 circuli
2197 1808 2405 1902 cujus

323 1920 701 2018 perimetri
728 1944 898 2016 pars
926 1931 1190 2016 quarta
1216 1933 1329 1993 est
1356 1920 1660 2016 ,aequalis
1698 1919 1839 2009 BS,
1868 1930 1941 1992 et
1975 1920 2127 1994 AM
2156 1920 2403 1993 radius

326 2034 580 2106 circuli
617 2036 826 2129 cujus
858 2032 1236 2129 perimetri
1271 2057 1439 2128 pars
1474 2043 1739 2129 quarta
1768 2043 1880 2106 est
1914 2032 2212 2128 aequalis
2246 2033 2403 2121 AB,

325 2159 404 2220 et
459 2159 681 2220 rectae
715 2170 967 2220 omnes
1016 2145 1260 2219 ductae
1305 2170 1350 2218 a
1396 2157 1673 2242 puncto
1710 2146 1779 2218 R
1811 2158 2062 2219 secant
2098 2146 2237 2232 ΒΞ,
2267 2146 2404 2220 AD

325 2259 403 2332 in
437 2260 719 2333 ratione
757 2269 1040 2356 quartae
1073 2258 1302 2354 partis
1333 2258 1714 2353 perimetri
1746 2258 1843 2331 ad
1869 2257 2180 2347 radium,
2204 2268 2408 2332 recta

328 2373 479 2447 ΒΜ
514 2372 875 2470 producta
905 2370 1181 2445 incidet
1219 2372 1295 2443 in
1331 2372 1414 2446 C.

1122 2872 1332 2947 CAP.
1382 2874 1594 2947 XXI.

518 3053 625 3105 DE
664 3052 1274 3107 MAGNITUDINE
1315 3055 1655 3107 CIRCULI
1696 3056 2226 3109 HUGENIANA.

330 3171 1178 3244 Dn‘rERmNATIONEM
1229 3172 1421 3245 hanc
1467 3171 1993 3267 magnitudinis
2025 3198 2237 3248 arcus
2276 3175 2406 3248 BD

330 3294 543 3357 tanta
600 3283 986 3380 diligentia
1044 3308 1091 3358 a
1144 3283 1544 3381 geometris
1603 3284 1841 3358 omnis
1907 3287 2045 3360 aevi
2105 3289 2408 3361 summis

330 3398 736 3494 quaesitam,
805 3421 1173 3494 quamque
1239 3420 1486 3470 veram
1559 3420 1717 3470 esse
1794 3411 1944 3472 tam
2022 3401 2407 3474 manifeste

330 3511 549 3584 modo
585 3510 1105 3599 demonstravi,
1144 3533 1361 3606 quam
1395 3510 1780 3584 manifeste
1814 3512 1964 3586 ulla
2009 3514 2206 3610 apud
2259 3515 2407 3586 Eu-

329 3623 595 3698 clidem
630 3624 1031 3721 propositio
1068 3623 1573 3698 demonstrata
1605 3636 1739 3713 est,
1775 3626 2222 3723 professores
2259 3651 2406 3699 ma·-

330 3736 734 3822 thematici,
785 3738 1025 3832 primo
1080 3748 1445 3811 nostrates
1495 3738 1713 3811 simul
1766 3751 1988 3835 atque
2043 3740 2406 3836 apparuit,

329 3873 600 3945 magno
629 3862 902 3923 conatu
935 3851 1103 3924 irati
1129 3862 1760 3947 oppugnaverunt,
1784 3853 2409 3926 consentientibus

329 3961 553 4036 etiam
600 3973 675 4036 et
724 3962 1191 4037 laudantibus
1248 3964 1556 4037 caeteris.
1661 3964 1806 4038 Sed
1855 3966 2117 4060 quibus
2164 3966 2408 4053 armiS‚

332 4074 597 4171 quibus
652 4075 873 4149 innisi
923 4077 1302 4174 principiis
1332 4076 1359 4149 ἓ
1483 4077 1635 4151 Illis
1671 4102 1833 4175 quae
1867 4101 2088 4175 supra
2122 4079 2411 4151 ostendi

331 4210 490 4260 esse
523 4188 841 4261 absurda
883 4217 903 4262 z
953 4214 1241 4287 nempe,
1296 4189 1383 4263 Si
1431 4190 1634 4263 linea
1691 4189 2218 4288 multipZicetur
2257 4215 2412 4289 per

331 4325 720 4391 numerum,
745 4302 1057 4397 factum
1102 4327 1265 4376 esse
1307 4326 1677 4377 numeram
1714 4305 2254 4400 quadratorum
2285 4333 2411 4376 .·-

333 4413 424 4487 Si
457 4438 507 4486 a
551 4439 846 4487 numero
883 4418 1414 4514 quadratorum
1467 4417 1918 4491 extrahatur
1968 4419 2203 4492 radia:
2238 4443 2417 4517 qua-

533 4547 722 4602 voL.
761 4549 873 4602 lv.
2072 4552 2121 4603 G
2162 4553 2211 4604 G
