3094 5125
681 487 815 553 122
1105 500 1647 554 ΕΧΑΜῙΝΑΤιο
1688 501 1792 552 ET
1830 500 2329 554 EMENDATIO

293 693 598 737 munaus
671 669 1220 766 comparatione
1272 667 1719 765 geometrica
1752 677 1796 740 4
1847 667 1943 742 ad
1990 677 2062 757 2,
2107 669 2223 742 vel
2271 677 2317 742 2
2354 666 2452 740 ad
2497 676 2561 758 l,
2595 669 2755 743 nul-

297 843 314 861 .
406 776 494 816 ¹¹¹·
572 846 584 863 ‚
668 783 835 856 lane
868 782 1121 856 habita
1155 791 1266 855 est
1299 781 1489 855 ratio
1527 781 2014 855 differentiae?

765 896 864 969 B.
917 896 1154 993 AEque
1188 919 1277 968 ac
1311 895 1387 967 in
1421 895 1709 968 ratione
1742 895 2228 968 arithmetica.
2310 894 2506 967 Nam
2544 892 2756 968 diffe-

665 1011 905 1084 rentia
951 1009 1147 1084 inter
1179 1019 1223 1082 4
1264 1020 1337 1082 et
1385 1019 1429 1083 2
1479 1022 1595 1082 est
1648 1009 2035 1082 dimidium
2089 1008 2620 1098 antecedentiS,
2681 1021 2759 1081 et

668 1123 1083 1197 differentia
1116 1123 1309 1195 inter
1343 1129 1389 1194 2
1426 1134 1503 1195 et
1545 1132 1606 1208 l,
1629 1133 1740 1196 est
1772 1122 1950 1196 item
1986 1122 2368 1196 dimidium
2405 1121 2752 1194 differen-

668 1237 793 1310 tiae
827 1237 1020 1309 inter
1055 1233 1497 1309 antecedens
1531 1245 1608 1307 et
1642 1258 2095 1332 consequens
2123 1266 2142 1318 ;
2196 1259 2510 1331 quarum
2544 1234 2756 1307 diffe-

667 1349 1071 1423 rentiarum
1140 1350 1204 1421 si
1269 1347 1471 1420 nulla
1522 1348 1916 1421 haberetur
1976 1347 2488 1439 consideratio,
2551 1350 2757 1423 nulla

669 1462 1260 1537 consideraretur
1293 1462 1594 1534 omnino
1630 1461 1843 1534 ratio,

769 1575 867 1649 A.
919 1575 1355 1666 DivisioniS,
1382 1574 1647 1671 inquit,
1668 1574 2011 1671 quotiens
2039 1573 2365 1647 ostendit
2388 1573 2757 1648 rationem

666 1690 954 1764 dividui
985 1690 1096 1764 ad
1126 1688 1536 1762 divisorem.
1615 1688 1890 1761 Verum
1923 1700 2060 1761 est.
2149 1686 2297 1762 Sed
2328 1687 2406 1761 in
2442 1711 2758 1784 sequen-

666 1804 886 1893 tibus,
948 1803 1236 1900 quoties
1288 1802 1664 1898 proposito
1724 1825 1856 1875 suo
1918 1800 2240 1898 expedit,
2294 1802 2755 1897 quotientem

672 1939 962 2014 semper
1015 1917 1193 1990 dicit
1243 1939 1400 1989 esse
1462 1915 1740 1989 dividui
1792 1914 1888 1988 ad
1942 1914 2334 1988 divisorem
2386 1916 2757 1988 rationem

669 2031 948 2127 ipsam;
1000 2030 1270 2127 quippe
1308 2028 1433 2125 qui
1465 2029 1740 2125 absque
1776 2052 1864 2102 eo
1908 2027 2236 2124 regulam
2288 2051 2590 2101 auream
2627 2028 2755 2102 de-

666 2156 1076 2218 monstrare
1127 2168 1278 2216 non
1337 2144 1725 2239 potuisset.
1832 2141 1927 2214 Si
1971 2141 2294 2238 pondus,
2353 2141 2623 2237 inquit,
2688 2141 2755 2213 A

665 2257 769 2331 sit
803 2257 912 2331 ad
925 2256 1222 2354 pondus
1251 2256 1335 2344 B,
1372 2266 1455 2328 ut
1489 2253 1691 2328 linea
1726 2288 1765 2325 a
1795 2253 1904 2327 ad
1932 2252 2201 2326 lineam
2234 2252 2313 2344 β,
2340 2277 2484 2325 non
2510 2263 2754 2327 tamen

668 2370 821 2443 dici
846 2378 1106 2466 potest
1149 2367 1498 2455 vicissim,
1534 2377 1616 2439 ut
1646 2367 1946 2465 pondus
1979 2368 2046 2439 A
2082 2366 2191 2440 ad
2227 2364 2494 2439 lineam
2530 2401 2594 2457 a,
2641 2367 2755 2441 ita

651 2480 949 2579 pondu-s·
986 2481 1046 2552 B
1081 2502 1243 2550 esse
1276 2477 1384 2551 ad
1410 2478 1680 2552 lineam
1712 2478 1789 2571 β.

762 2595 862 2668 Β.
919 2592 1296 2688 Siquidem
1378 2615 1511 2688 per
1580 2592 1884 2689 pondus
1958 2591 2325 2689 intelligat
2379 2592 2754 2689 ponderis

661 2706 1175 2805 quantitatem,
1243 2729 1391 2779 non
1453 2706 1668 2779 video
1724 2728 1855 2779 cur
1914 2729 2063 2778 non
2120 2706 2352 2802 possit
2406 2705 2515 2778 ita
2578 2704 2749 2780 dici.

661 2820 857 2893 Nam
892 2819 1339 2916 quantitates
1373 2819 1717 2916 ponderis
1744 2830 1821 2891 et
1845 2817 2058 2891 lineae
2087 2818 2413 2891 exhiberi
2439 2830 2751 2914 possunt

661 2935 738 3006 in
774 2933 1057 3006 duabus
1090 2931 1322 3005 lineis.

760 3045 859 3120 A.
912 3047 1424 3120 Consentanea
1463 3046 1623 3119 haec
1667 3056 1840 3118 sunt
1881 3044 1969 3118 iis
2017 3068 2181 3141 quae
2214 3045 2488 3142 ubique
2521 3046 2751 3120 habet

660 3160 966 3257 loquens
1033 3161 1127 3233 de
1192 3173 1459 3234 natura
1525 3158 2016 3256 quantitatis3
2101 3158 2489 3232 confundit
2550 3161 2749 3233 enim

662 3275 1122 3351 abstractum
1144 3301 1312 3351 cum
1339 3287 1701 3366 concreto,
1729 3275 2219 3374 quantitatem
2255 3299 2422 3350 cum
2451 3288 2747 3373 quanto,

664 3400 1015 3484 tanquam
1050 3391 1552 3487 significarent
1597 3389 1816 3463 idem.
1921 3387 2069 3461 Sed
2116 3389 2283 3462 vide
2334 3413 2553 3486 quam
2608 3391 2750 3464 im-

660 3502 896 3599 perite
946 3504 1277 3601 loquitur
1320 3504 1399 3576 in
1432 3503 1928 3599 sequentibus.
2034 3503 2256 3576 Nosti
2301 3512 2744 3599 geometras,

662 3616 954 3710 quando
1007 3617 1225 3690 datur
1270 3641 1443 3690 area
1488 3616 1895 3712 rectanguli
1940 3640 2108 3688 cum
2158 3640 2309 3689 uno
2359 3616 2745 3690 coefficen-

662 3732 872 3820 tium,
930 3730 1123 3804 latus
1182 3731 1494 3804 alterum
1563 3729 1797 3804 solere
1851 3728 2180 3802 invenire
2235 3752 2368 3824 per
2426 3729 2746 3825 applica-

661 3845 938 3917 tionem
971 3868 1159 3917 areae
1203 3844 1298 3917 ad
1339 3844 1529 3917 latus
1567 3843 1868 3927 datum;
1921 3842 2422 3916 arithmeticos
2469 3856 2742 3933 autem,

663 3957 837 4031 dato
863 3980 1170 4029 numero
1204 3967 1279 4030 et
1310 3979 1459 4028 uno
1502 3978 1975 4030 numerorum
2015 3978 2148 4051 per
2193 3978 2508 4051 quorum
2555 3957 2745 4029 mul-

660 4069 1187 4166 tiplicationem
1218 4069 1457 4142 factus
1492 4080 1627 4157 est,
1665 4066 1979 4141 alterum
2013 4068 2342 4141 invenire
2376 4091 2510 4164 per
2557 4068 2745 4141 divi-

663 4184 965 4256 sionem.
1101 4183 1362 4278 Itaque
1421 4191 1725 4277 propter
1783 4180 2334 4255 similitudinem
2391 4181 2745 4271 methodi,

666 4297 925 4370 divisio
965 4295 1595 4369 arithmeticorum
1630 4305 1704 4368 et
1755 4293 2148 4390 applicatio
2198 4307 2747 4389 geometrarum

664 4433 799 4505 pro
842 4410 1097 4484 eadem
1143 4434 1222 4483 re
1270 4409 1522 4482 haberi
1578 4408 1977 4483 consuevit.
2079 4408 2414 4504 Exempli
2476 4433 2741 4484 causa:
