3094 5125
767 503 1393 556 MATHEMATICAE
1435 503 1921 555 nonmRNAE.
2325 482 2371 562 7

361 670 468 744 A.
528 671 752 745 Bene
805 683 944 745 est.
1045 672 1211 744 Hoc
1271 693 1448 765 ergo
1509 669 1715 751 vult;
1790 666 2031 740 edicta
2087 688 2370 762 regum,
2437 702 2736 745 „umens

268 785 575 879 quando
614 784 924 881 publica
952 784 1161 872 fiunt,
1210 783 1567 878 inscripta
1606 805 1787 871 esse,
1838 779 2208 870 nimirum,
2261 781 2372 877 ip-
2452 784 2734 887 *fe-a

267 920 523 970 sorum
563 897 877 969 nomine
910 922 1187 993 regum.
1290 898 1386 970 Et
1420 922 1674 971 verum
1710 910 1844 970 est.

366 1010 469 1082 B.
525 1011 692 1099 Ah,
730 1033 969 1107 neque
1009 1012 1111 1083 sic
1146 1010 1707 1107 intelligendum
1743 1024 1880 1099 est,
1925 1009 2057 1084 sed
2104 1010 2374 1084 solum-

269 1123 496 1195 modo
536 1123 643 1195 de
681 1123 909 1196 libris.

369 1236 473 1308 A.
537 1237 626 1309 Si
684 1260 762 1309 se
816 1236 920 1309 ita
966 1235 1278 1331 intelligi
1323 1234 1578 1321 voluit,
1635 1261 1852 1332 quam
1900 1236 2113 1310 facile
2149 1238 2376 1334 scrip-

272 1349 452 1421 sisse
479 1351 767 1445 potuit,
798 1374 956 1422 eum
983 1347 1159 1422 libri
1186 1349 1305 1445 qui
1334 1348 1409 1422 in
1422 1348 1802 1446 publicum
1818 1351 2211 1448 prodeunt,
2238 1350 2374 1444 ἅτ.

280 1462 462 1553 (non
492 1462 915 1561 prodeant,
962 1475 1047 1535 ut
1091 1463 1212 1535 hic
1255 1463 1607 1558 scriptum
1643 1466 1814 1557 est).
1916 1464 2191 1538 Verum
2226 1489 2377 1538 non

277 1575 452 1647 satis
508 1574 864 1672 intelligo
899 1575 1074 1671 quid
1127 1576 1264 1648 sibi
1317 1575 1435 1647 hic
1473 1575 1631 1648 vult
1675 1599 1819 1648 vox
1867 1600 1956 1649 ea
1987 1578 2377 1668 nonnullis,

282 1712 472 1783 qnae,
512 1690 852 1763 solitarie
886 1690 1129 1786 posita
1172 1690 1329 1762 sine
1364 1690 1847 1778 substantivo,
1889 1715 2177 1788 semper
2209 1695 2379 1766 sub-

285 1804 625 1876 auditam
680 1804 903 1877 habet
953 1827 1208 1876 vocem
1253 1800 1497 1876 rebus.
1605 1802 1889 1877 Quibus
1939 1829 2117 1902 ergo
2161 1807 2379 1880 rebus

285 1914 597 1990 inscribi
633 1917 871 1990 solere
908 1916 1087 1990 dicit
1121 1916 1396 1990 libros?

381 2029 483 2102 B.
547 2030 867 2118 Quibus,
929 2029 1069 2102 nisi
1129 2028 1605 2101 nominibus?
1668 2040 1752 2101 ut
1822 2028 2021 2126 (post
2080 2030 2385 2127 quinque

287 2153 413 2215 aut
448 2166 602 2215 eea·
636 2143 922 2235 versus)
974 2166 1064 2215 ex
1097 2142 1212 2215 his
1245 2142 1511 2230 verbis,
1554 2151 1803 2213 vestra
1840 2140 2058 2213 libuit
2091 2143 2383 2216 nomina

289 2254 653 2353 seligere,
711 2254 965 2351 quibus
1026 2256 1148 2352 qui
1205 2255 1532 2352 sequitur
1594 2264 1992 2328 tractatum
2045 2255 2386 2330 duxerim

292 2365 865 2456 inscribendum,
902 2368 1203 2441 cuilibet
1237 2368 1708 2442 manifestum
1741 2391 1896 2441 esse
1931 2382 2200 2464 potest.

390 2481 494 2554 A.
552 2482 660 2554 At
692 2481 951 2555 melius
985 2482 1267 2571 fuisset,
1295 2482 1356 2555 si
1389 2481 1883 2578 praecedentia
1917 2485 2387 2581 sequentibus

293 2595 803 2688 praetulissent
834 2596 1081 2692 potius
1126 2596 1390 2683 lucem,
1428 2620 1648 2692 quam
1696 2596 2136 2671 debuissent.
2242 2599 2390 2675 Sed

296 2708 773 2805 perga—Id
827 2708 1002 2781 mihi
1053 2709 1366 2782 maxime
1416 2708 1647 2781 visum
1681 2719 1797 2781 est
1831 2709 2271 2801 incumbere,
2310 2724 2391 2787 ut

279 2820 737 2912 justissimis
792 2822 980 2894 volis
1040 2822 1220 2911 sui-5,
1252 2832 1597 2919 quantum
1644 2821 1721 2893 in
1754 2847 1866 2895 me
1898 2832 2033 2912 est,
2070 2825 2389 2922 satisfa-

297 2933 802 3007 ciam.—Suis
861 2934 1006 3024 hic,
1053 2958 1187 3030 pro
1245 2933 1472 3023 illius,
1525 2958 1789 3030 nempe
1844 2935 1934 3008 D.
1973 2937 2072 3008 H.
2113 2936 2387 3028 Savilii,

296 3067 449 3120 non
491 3059 691 3120 recte
726 3047 986 3120 utitur.
1092 3047 1240 3121 Sed
1285 3046 1481 3119 nolle
1527 3057 1601 3119 te
1635 3050 2186 3142 grammaticam
2245 3051 2388 3125 boc

218 3183 227 3192 ·
297 3156 469 3233 loco
519 3160 923 3232 examinari
984 3161 1252 3232 oblitus
1313 3160 1772 3232 eram—Ex
1830 3186 1995 3258 quo,
2065 3162 2386 3260 inquam,

298 3269 485 3362 Izoec,
520 3271 600 3345 id
634 3285 771 3362 est,
807 3273 1230 3369 symbolica,
1266 3272 1700 3345 introducta
1735 3284 1852 3347 est
1899 3274 1968 3345 V
1961 3275 2145 3365 ietoe,
2182 3275 2388 3376 Oug-

301 3385 584 3475 thr-edi,
652 3385 1068 3475 Harriotti,
1129 3385 1457 3458 Cartesii
1523 3411 1687 3484 ope,
1757 3412 1973 3484 quam
2049 3389 2387 3487 ingentes

275 3499 582 3593 fecerit
624 3499 1021 3596 profectus
1073 3498 1449 3571 Mathesie
1507 3497 1874 3588 universa,
1925 3525 2130 3573 nemo
2187 3502 2388 3578 hisce

300 3612 532 3686 rebus
589 3610 714 3684 vel
764 3611 1029 3686 leviter
1095 3611 1547 3684 exercitatius·
1609 3611 1964 3709 ignorare
2007 3616 2388 3712 possit,—

303 3726 561 3799 Audin
590 3724 616 3796 Ρ

406 3838 502 3913 B.
558 3838 827 3912 Audio·

406 3951 499 4024 A.
557 3954 672 4025 Ne
703 3952 844 4047 ipsi
878 3951 1174 4047 quidem
1226 3951 1610 4047 analyticae
1641 3974 1776 4047 per
1807 3963 2208 4047 potestates
2253 3954 2382 4027 ad-

308 4067 525 4140 scribi
559 4078 895 4162 possunt,
932 4089 1097 4163 quae
1131 4065 1252 4138 ille
1281 4066 1400 4138 hic
1435 4064 1736 4137 ascribit
1769 4066 2111 4161 symbolis
2141 4099 2159 4151 ;
2212 4090 2384 4139 nam

314 4203 770 4277 quaecunque
798 4179 1109 4252 inveniri
1131 4191 1437 4275 possunt
1468 4202 1601 4274 per
1636 4180 1964 4275 symbola
1995 4180 2132 4252 ista
2167 4202 2379 4269 nova,

311 4292 619 4367 inveniri
653 4293 876 4366 etiam
899 4292 1309 4388 potuissent
1340 4315 1471 4386 per
1494 4292 1997 4387 antiquissima
2030 4291 2380 4386 symbola,

309 4407 651 4482 nimirum
687 4407 933 4479 verba.
1037 4405 1343 4494 Deinde,
1380 4403 1678 4501 quinam
1713 4416 1884 4478 sunt
1916 4405 2250 4499 ingentes
2274 4407 2383 4482 illi
