3094 5125
697 494 845 559 410
981 507 1089 559 me.
1127 506 1594 559 Pumcu’ns
1637 507 1736 559 ετ
1772 504 2547 559 RArlocmATloNss

1555 829 1765 903 CAP.
1816 829 1916 904 X.

699 1000 806 1052 DE
865 1001 1315 1053 PETITIONE
1374 1001 1640 1052 PRIMA
1696 1002 2128 1054 ELEMENTI
2181 1002 2481 1071 Palm,
2551 1003 2680 1053 ET
2737 1002 2851 1052 DE

1213 1115 1771 1167 DEFINITIONE
1823 1117 2170 1168 DECIMA.

351 1278 487 1317 cn.
519 1277 578 1317 x.
695 1243 1033 1315 Pu‘rl‘rlo
1086 1244 1369 1340 prima:
1447 1243 1546 1317 Ut
1589 1269 1640 1316 a
1682 1244 1936 1342 quovis
1974 1254 2260 1343 puncto
2310 1244 2427 1316 ad
2480 1241 2851 1341 quodvis

273 1345 610 1465 „em
679 1366 1036 1453 punctum
1067 1366 1346 1429 rectam
1381 1356 1651 1430 lineam
1684 1358 1954 1431 ducere
1984 1358 2455 1431 concedatur.

267 1474 412 1594 ἓξὲξ
435 1472 669 1580 ξ’ῗξῗίἶ
796 1470 871 1542 Si
900 1471 1348 1544 concedatur
1379 1471 1648 1545 lineam
1672 1472 1942 1545 habere
1967 1472 2438 1545 latitudinem
2457 1471 2841 1566 aliquam

268 1583 1076 1672 finitionodecimavisibilem,
1130 1607 1341 1680 aequa
1394 1596 1546 1657 est:
1608 1609 1779 1658 nam
1837 1610 1883 1659 a
1937 1597 2215 1681 puncto
2270 1585 2367 1658 ad
2415 1596 2838 1682 punctum

693 1697 990 1769 extendi
1024 1709 1270 1794 potest
1305 1722 1395 1770 ex
1429 1697 1581 1770 lino
1615 1699 1842 1771 filum.
1933 1699 2230 1794 Alioqui
2263 1699 2471 1772 factu
2508 1700 2833 1794 impos-

693 1809 901 1882 sibile
936 1825 1049 1884 est
1079 1839 1096 1884 ε
1151 1825 1227 1884 et
1260 1825 1653 1908 propterea
1688 1813 1946 1908 petitio
1981 1813 2233 1909 iniqua
2267 1824 2399 1886 est.

794 1923 942 1996 Sed
994 1924 1120 1997 illa
1158 1925 1482 1998 Euclidis
1515 1942 1765 2016 γραμμὴ,
1800 1928 1939 1999 etsi
1974 1925 2443 1999 latitudinem
2479 1925 2821 2009 habeat,

690 2036 861 2109 duci
896 2060 1044 2110 non
1077 2050 1322 2133 potest
1356 2039 1497 2111 nisi
1529 2038 1609 2110 in
1642 2039 1887 2135 plano.
1990 2040 2297 2112 Planum
2343 2051 2613 2111 autem
2675 2037 2821 2109 de·

690 2150 911 2223 scribi
977 2174 1129 2225 non
1194 2163 1439 2247 potest
1505 2153 1662 2224 sine
1729 2176 1870 2248 ope
1939 2164 2162 2225 rectae
2211 2152 2425 2224 lineae
2450 2181 2471 2224 ε
2536 2153 2663 2225 ita
2720 2159 2814 2219 ut.

687 2286 927 2360 neque
982 2276 1185 2338 recta
1232 2266 1581 2355 Euclidis,
1619 2290 1857 2362 neque
1914 2267 2335 2362 superficies
2368 2265 2628 2362 plana,
2671 2284 2805 2334 ac-

690 2389 944 2451 curate
980 2377 1289 2451 describi
1327 2379 1577 2475 possit.
1685 2380 1889 2475 Opus
1926 2391 2038 2452 est
2078 2379 2587 2453 instrumentis
2631 2399 2805 2450 me-

690 2490 1038 2580 chaniciS,
1076 2490 1320 2587 qualia
1371 2503 1544 2564 sunt
1602 2492 1860 2589 regula
1904 2504 1979 2567 et
2016 2516 2298 2582 norma,
2333 2492 2410 2566 id
2445 2502 2580 2580 est,
2628 2513 2796 2565 non

689 2615 1054 2676 accurate.
1129 2604 1447 2699 AEquum
1481 2616 1729 2678 tamen
1757 2630 1915 2680 esse
1948 2606 2209 2695 fateor,
2231 2617 2317 2680 ut
2350 2607 2429 2679 in
2455 2604 2793 2701 opificiis

687 2716 1025 2788 humanis
1058 2740 1192 2812 pro
1228 2729 1573 2791 accurato
1618 2719 1995 2804 habeatur,
2034 2719 2232 2816 quod
2277 2730 2627 2793 accurato
2668 2726 2793 2791 est

686 2829 1125 2925 proximum.
1230 2830 1376 2903 Sed
1411 2832 1608 2926 quod
1643 2833 1872 2906 lineas
1906 2833 2416 2930 hyperbolicas
2451 2846 2526 2906 et
2560 2833 2786 2928 ellip-

684 2943 871 3015 ticas
924 2943 1096 3017 duci
1145 2968 1358 3041 posse
1408 2947 1831 3020 Euclidistae
1882 2971 2034 3019 non
2082 2946 2515 3035 concedant,
2566 2946 2782 3038 (cum

687 3059 959 3132 certius
1009 3059 1386 3157 aliquanto
1435 3062 1707 3158 ellipsis
1742 3071 1817 3134 et
1849 3060 2249 3157 hyperbole
2285 3084 2424 3155 ope
2457 3059 2561 3131 fili
2596 3054 2777 3132 duci

684 3183 926 3268 potest
962 3198 1181 3269 quam
1237 3174 1434 3247 linea
1484 3185 1690 3247 recta
1723 3198 1861 3270 ope
1896 3174 2233 3270 regulae),
2270 3173 2600 3269 iniquum
2629 3181 2772 3244 est.

687 3286 946 3381 Itaque
1017 3286 1366 3383 quamdiu
1415 3299 1814 3384 geometrae
1863 3287 2093 3360 lineas
2145 3288 2278 3360 has
2331 3286 2499 3359 duci
2550 3307 2771 3381 posse

685 3410 985 3493 negant,
1012 3401 1294 3474 tamdiu
1326 3401 1584 3498 petitio
1619 3402 1774 3474 haec
1808 3401 2059 3496 iniqua
2094 3411 2235 3473 est:
2267 3410 2343 3473 et
2375 3411 2771 3495 propterea

688 3512 908 3584 etiam
943 3514 1264 3587 secunda
1295 3515 1552 3588 haberi
1588 3514 1809 3587 debet
1842 3538 1977 3611 pro
2014 3514 2288 3609 iniqua.

786 3625 1268 3699 Definitiones
1334 3627 1696 3700 Elementi
1767 3626 2069 3699 secundi
2127 3626 2377 3700 faciles
2439 3635 2634 3712 sunt,
2688 3634 2766 3697 et

683 3751 988 3836 propter
1051 3762 1213 3812 eam
1273 3764 1569 3814 causam
1600 3741 1783 3815 vitio
1845 3752 2121 3815 carent.
2226 3740 2432 3813 Idem
2469 3739 2634 3812 dico
2670 3737 2763 3810 de

685 3852 1231 3927 definitionibus
1265 3854 1627 3928 Elementi
1664 3854 1865 3928 tertii
1899 3855 2053 3928 fere
2090 3854 2449 3928 omnibus.
2556 3850 2758 3940 Fere,

683 3966 982 4062 inquam
1013 3995 1030 4039 ε
1082 3966 1488 4039 notandum
1524 3968 1720 4040 enim
1755 3979 1890 4059 est,
1927 3968 2124 4064 quod
2160 3969 2237 4040 in
2271 3964 2594 4040 secunda
2638 3963 2763 4036 de-

682 4081 1014 4154 finitione
1049 4081 1278 4153 Elem.
1306 4081 1409 4168 iii,
1450 4081 1706 4154 definit
1733 4091 2073 4180 tangere,
2110 4105 2240 4178 per
2268 4090 2589 4177 tangere
2619 4100 2760 4149 nec

683 4217 978 4267 secare:
1015 4195 1375 4267 incertum
1409 4196 1826 4292 relinquens
1860 4219 1954 4268 an
1980 4207 2341 4291 punctum
2370 4201 2757 4265 contactus

682 4308 1239 4405 intelligendum
1266 4309 1359 4383 sit
1393 4309 1471 4383 in
1495 4334 1647 4383 una
1669 4321 1960 4384 tantum
1994 4309 2353 4382 linearum
2381 4304 2760 4399 contigua-

682 4444 870 4511 rum,
923 4446 1015 4495 an
1070 4422 1147 4495 in
1200 4433 1532 4519 utraque,
1586 4448 1681 4498 an
1741 4423 1937 4496 inter
1994 4433 2406 4517 utramque.
2509 4418 2757 4490 Potest
