3094 5125
705 509 1339 562 MATHEMArloAE
1380 509 1871 561 nonmRNAE.
2267 497 2351 561 15

250 678 583 752 scribere
649 679 765 751 vel
831 678 1186 751 disserere
1245 691 1586 751 accurate
1640 677 2005 764 nesciunt,
2064 677 2352 772 quoties

250 791 942 887 reprehenduntur,
970 792 1105 863 hac
1134 790 1557 864 defensione
1585 791 1696 863 uti
1723 790 1983 877 solent,
2010 814 2163 863 non
2199 813 2354 863 esse

251 902 712 1000 litigandum
751 904 843 976 de
879 904 1142 990 verbis,
1189 903 1318 976 ubi
1357 926 1472 975 res
1508 914 1797 976 constat
1827 933 1845 984 ς
1901 926 2071 975 cum
2107 914 2355 976 tamen

255 1016 346 1088 de
391 1016 728 1089 veritate
775 1017 887 1089 rei
930 1016 1072 1089 nisi
1122 1016 1689 1089 accuratissimis
1730 1015 1972 1089 verbis
2018 1027 2355 1089 constare

258 1152 404 1202 non
441 1130 715 1225 possit.
818 1130 992 1203 Non
1046 1152 1291 1203 moror
1337 1154 1514 1226 ergo
1563 1130 1895 1203 homines
1928 1129 2090 1202 illos
2126 1130 2355 1203 ambi-

259 1241 445 1314 tiose
495 1266 793 1337 graves,
843 1243 969 1339 qui
1013 1242 1330 1339 propriae
1376 1243 1762 1336 imperitiae
1808 1243 2114 1315 aliorum
2168 1266 2354 1339 prae-

259 1355 589 1429 tendunt
631 1370 1006 1447 λογομαχίαν.
1115 1355 1344 1429 Quasi
1386 1368 1516 1428 aut
1559 1368 1749 1429 esset
1789 1354 2186 1451 disputatio
2224 1356 2355 1428 ali-

263 1492 431 1563 qua,
486 1493 667 1567 quae
726 1486 1055 1562 λογομαχία
1114 1493 1266 1542 non
1320 1481 1533 1559 esset,
1596 1483 1726 1543 aut
1771 1470 2040 1542 veritas
2085 1470 2354 1566 aliqua,

267 1606 425 1676 quae
479 1606 642 1656 non
698 1594 889 1655 esset
939 1583 1329 1654 verborum
1375 1584 1672 1656 veritas.
1777 1582 1861 1654 In
1917 1605 2356 1677 quocunque

270 1692 492 1788 igitur
513 1696 737 1783 libro,
765 1693 856 1766 de
878 1718 1315 1791 quacunque
1338 1695 1669 1783 scientia,
1692 1694 2116 1791 hujusmodi
2135 1695 2359 1767 verba

272 1805 689 1881 inveneris.
743 1832 949 1880 mera
996 1818 1071 1881 et
1116 1806 1272 1880 Izoec
1303 1825 1665 1898 λογομαχίας
1703 1832 1845 1880 non
1866 1807 2149 1905 placet,
2190 1807 2358 1881 dum

277 1918 366 1990 de
396 1942 485 1993 re
519 1928 833 2007 constet,
872 1919 966 1992 de
990 1919 1235 1992 verbis
1263 1919 1629 2017 litigare:
1680 1943 1814 2014 pro
1850 1931 2053 1993 certo
2089 1919 2358 1993 habeas

277 2033 711 2130 scriptorem
736 2033 941 2105 illum
975 2034 1326 2122 scientiae,
1356 2056 1579 2129 quam
1605 2043 1900 2120 tractat,
1937 2032 2358 2127 imperitum

277 2166 452 2235 esse,
513 2146 1157 2241 ignorantiamque
1217 2168 1424 2219 suam
1483 2145 1871 2241 gravitate,
1934 2156 2017 2217 ut
2067 2144 2358 2217 videtur

276 2255 432 2351 ipsi,
481 2259 944 2332 sententiolae
990 2258 1178 2331 velle
1222 2269 1497 2354 tegere.
1603 2258 1762 2331 Nec
1799 2258 2187 2331 molestum
2223 2258 2357 2331 tibi

279 2370 390 2459 sit,
444 2374 506 2445 si
545 2370 919 2468 quicquid,
975 2372 1128 2444 sive
1176 2372 1251 2443 in
1290 2371 1733 2445 dictionibus
1775 2370 1992 2467 hujus
2028 2373 2358 2446 authoris

280 2483 425 2557 sive
461 2486 540 2558 in
580 2485 1165 2574 ratiocinatione,
1208 2494 1459 2574 ἀκριβείᾳ
1509 2482 1761 2557 debita
1794 2508 2045 2558 carere
2078 2486 2353 2577 videm,

277 2611 677 2672 notavero:
772 2622 859 2671 ea
933 2598 1192 2671 saltem
1259 2596 1446 2692 lege,
1525 2597 1588 2670 si
1654 2598 2027 2692 quomodo
2099 2600 2353 2673 eadem

280 2722 515 2798 ἀκριβῶς
552 2711 1001 2785 enuntianda
1034 2724 1232 2798 sunt,
1267 2709 1481 2782 simul
1516 2710 1860 2784 docuero.

373 2823 473 2896 B.
530 2824 706 2897 Non
740 2825 1071 2920 iniquum
1099 2823 1447 2920 postulas.

374 2937 471 3010 A.
525 2938 914 3026 Praeterea,
970 2938 1046 3010 in
1079 2936 1539 3033 philologieis
1576 2936 1740 3026 illis,
1785 2950 1871 3010 ut
1902 2950 2141 3027 vocat,
2178 2963 2355 3013 con-

286 3048 647 3141 dimenti8‚
698 3052 989 3147 postulo
1040 3063 1127 3123 ut
1177 3050 1396 3122 liceat
1445 3049 1625 3123 mihi
1678 3052 2121 3147 conjecturis
2159 3052 2354 3126 illius

284 3185 646 3261 apponere
681 3166 1141 3259 conjecturas
1177 3187 1403 3237 meas.

374 3275 468 3352 B.
523 3278 786 3374 Neque
820 3278 962 3350 hoc
999 3278 1333 3372 iniquum
1369 3289 1504 3350 est.

373 3388 466 3463 A.
520 3390 957 3464 Inscribitur
983 3401 1205 3486 caput
1232 3390 1550 3486 primum
1583 3391 1704 3463 De
1740 3390 2076 3464 Mathesi
2111 3392 2189 3464 iu
2218 3417 2354 3489 ge-

289 3525 475 3593 nere,
529 3514 605 3577 et
658 3503 752 3576 de
792 3502 1075 3598 objecto
1125 3512 1200 3575 et
1247 3502 1758 3576 distributione
1801 3506 1986 3600 ejus.
2088 3505 2356 3578 Videa-

290 3637 437 3691 mus
497 3640 678 3714 ergo
740 3641 957 3713 quam
1019 3618 1112 3689 sit
1160 3616 2166 3717 accuratum—Disciplinae
2202 3643 2356 3690 ma-

291 3727 696 3804 thematicoe
766 3730 1111 3803 dicuutur
1175 3752 1421 3801 omues
1487 3728 1644 3801 illa»
1706 3730 1862 3802 sive
1927 3741 2134 3803 arte-s·
2202 3732 2356 3804 sive

291 3844 638 3932 scientioe,
698 3868 859 3941 quae
917 3843 1127 3915 circa
1180 3842 1671 3939 quantitatem
1706 3842 2095 3938 peculiari
2145 3845 2355 3915 modo

292 3966 694 4045 versantur,
740 3954 894 4028 sive
936 3954 1352 4028 continuam
1408 3954 1563 4026 sive
1618 3954 2354 4029 discretam—Tune

296 4066 782 4144 definitionem
818 4068 1007 4141 hanc
1044 4091 1298 4140 censes
1335 4091 1493 4140 esse
1528 4079 1949 4141 accuratam
1982 4067 2007 4138 :-

379 4183 475 4256 Β.
527 4184 690 4278 Ego
714 4205 890 4254 vero
916 4181 1113 4254 satis.
1184 4180 1344 4253 Etsi
1369 4205 1510 4254 vox
1537 4181 1688 4268 illa,
1707 4179 2095 4279 peculiari
2119 4176 2353 4266 modo,

294 4296 417 4370 nisi
450 4321 543 4370 ex
576 4295 1050 4392 sequentibus
1084 4319 1234 4369 non
1268 4293 1481 4368 facile
1515 4294 1974 4391 intelligitur.

379 4407 469 4483 A.
520 4409 829 4505 Expone
862 4432 1038 4503 ergo
1074 4408 1298 4482 verba
1329 4407 1457 4480 illa
1491 4430 1581 4480 ex
1609 4404 2102 4503 sequentibus,

2428 704 2729 744 manneus

2560 786 2599 825 1.
