3094 5125
837 406 1474 460 MATHEMATmAE
1514 407 2003 461 nomnnNAE.
2365 389 2462 467 47

329 576 449 650 illi
484 586 697 651 esset
735 602 959 651 unum
994 602 1152 652 esse
1187 601 1599 667 numerum,
1645 579 1789 653 hoc
1823 591 2116 654 tantum
2150 579 2463 676 probare

346 702 670 765 conatus
708 702 852 781 est,
898 692 1280 790 quosdam,
1327 692 1451 790 qui
1485 705 1750 767 contra
1782 694 2134 783 sentiunt,
2169 703 2464 768 senten-

351 804 539 877 tiam
573 829 792 878 suam
831 829 984 878 non
1020 805 1199 878 satis
1235 803 1799 880 demonstrasse.

466 918 562 990 B.
620 917 853 993 Quod
898 942 1130 991 unum
1175 918 1272 991 sit
1305 940 1655 992 numerus
1705 919 2241 994 demonstrabit
2274 918 2464 993 forte

355 1034 703 1108 inferiuS.

469 1148 573 1222 Α.
631 1149 835 1221 Bene
871 1156 1004 1221 est.
1105 1148 1796 1244 Pergamus—Sed
1821 1173 2108 1241 revera,
2144 1149 2217 1223 si
2250 1175 2466 1223 aceu-

357 1270 547 1333 rate
580 1259 788 1359 loqui
819 1258 1141 1350 velimus,
1194 1284 1336 1333 non
1395 1270 1546 1334 tam
1590 1262 1839 1335 unitas
1878 1287 2098 1361 quam
2132 1261 2463 1351 nullitaS,

360 1376 444 1447 εἰ
478 1374 592 1446 ita
630 1374 831 1471 loqui
857 1374 1109 1463 liceat,
1144 1400 1270 1447 seu
1294 1373 1598 1464 nullum,
1635 1374 1828 1449 idem
1851 1384 2196 1474 respectu
2227 1401 2465 1448 nume-

364 1510 627 1560 rorum
684 1487 986 1578 obtinet,
1044 1487 1247 1586 quod
1280 1500 1645 1587 punctum
1704 1500 2049 1588 respectu
2100 1490 2466 1588 mag-nitu-

370 1599 604 1675 dinis.

483 1714 581 1786 B.
636 1713 926 1786 Nollem
973 1714 1116 1787 hoc
1162 1713 1491 1788 dixisset.
1598 1715 1790 1788 Nam
1828 1740 1997 1789 cum
2038 1718 2131 1790 ab
2168 1716 2466 1789 Hobbio

372 1827 800 1923 culparetur
824 1828 1023 1924 quod
1046 1840 1404 1924 punctum
1433 1827 1721 1902 dixerat
1746 1853 1903 1902 esse
1930 1830 2137 1918 nihil,
2170 1830 2469 1924 negavit

371 1964 455 2013 se
480 1940 587 2013 ita
609 1941 944 2015 sensisse.
1046 1943 1265 2015 Nunc
1289 1955 1537 2016 tamen
1566 1941 1763 2016 idem
1785 1942 1960 2016 dicit
1988 1942 2465 2039 apertissime.

375 2054 567 2127 Cum
603 2054 798 2127 enim
833 2055 928 2127 sit
964 2066 1049 2129 ut
1083 2055 1361 2129 nullum
1400 2057 1495 2131 ad
1532 2079 1924 2147 numerum,
1977 2057 2083 2128 ita
2122 2064 2467 2153 punctum

373 2167 475 2240 ad
537 2166 1135 2266 magnitudinem,
1193 2170 1681 2243 certissimum
1740 2182 1854 2244 est
1896 2180 2255 2266 punctum
2311 2192 2469 2242 esse

374 2280 587 2353 nihil.

484 2394 582 2466 A.
638 2393 831 2466 Illud
864 2417 1152 2492 quoque
1181 2396 1515 2494 ineptum
1543 2411 1680 2487 est,
1717 2396 1913 2494 quod
1941 2422 2112 2470 cum
2143 2397 2220 2470 in
2255 2421 2471 2493 prox-

375 2508 527 2581 ime
559 2506 1144 2605 praecedentibus
1179 2509 1635 2585 distinxisset
1667 2511 2022 2585 unitatem
2058 2512 2151 2585 ab
2189 2534 2353 2597 unc,
2388 2522 2473 2585 ut

376 2646 524 2694 non
559 2645 928 2695 numerum
960 2647 1007 2696 a
1037 2648 1358 2714 numero,
1396 2649 1596 2698 nunc
1632 2650 1802 2698 cum
1834 2623 2031 2697 nullo
2068 2624 2474 2698 confundat

375 2732 820 2808 nuditatem.
928 2736 1264 2810 Hoccine
1325 2749 1441 2812 est
1506 2737 1707 2836 loqui
1772 2749 2118 2813 accurate
2148 2737 2174 2811 ἒ
2279 2738 2473 2811 Prae-

376 2862 613 2938 terea,
648 2872 817 2922 cum
853 2849 1181 2941 dixisset,
1230 2852 1301 2924 si
1336 2862 1692 2925 accurate
1728 2851 1933 2951 loqui
1963 2852 2292 2936 velimus,
2342 2874 2476 2923 cur

376 2962 637 3035 statim
690 2961 901 3035 addit
957 2963 1031 3035 si
1089 2963 1224 3054 ita,
1288 2965 1368 3040 id
1424 2976 1560 3052 est,
1628 2989 1780 3039 non
1840 2975 2209 3054 accurate,
2272 2963 2477 3061 loqui

374 3073 609 3148 liceat
630 3078 675 3148 8
776 3075 893 3147 An
928 3076 1184 3150 scribit
1210 3077 1632 3151 dormiens?
1737 3076 1884 3150 Sed
1915 3076 2477 3174 progredior.—

379 3188 495 3261 At
530 3187 1447 3287 interrogabiturforean,
1474 3215 1640 3264 num
1666 3189 1884 3263 velim
1909 3214 2053 3289 ego
2077 3215 2125 3262 a
2150 3198 2476 3263 veterum

361 3301 679 3398 pariter
702 3309 778 3373 et
801 3302 1294 3376 recentiorum
1327 3302 1639 3376 omnium
1670 3303 2039 3375 sententia
2067 3301 2474 3391 discedere,

375 3414 510 3512 qui
564 3437 708 3487 uno
761 3437 892 3487 ore
945 3414 1303 3488 unitatem
1356 3425 1619 3489 vocant
1668 3414 2121 3514 principium
2165 3414 2474 3488 numeri.

377 3526 845 3626 Respondeo,
906 3526 1101 3600 nihil
1154 3527 1469 3602 absurdi
1521 3552 1689 3601 esse
1748 3529 2107 3623 majorum
2163 3528 2477 3602 inventis

379 3640 988 3716 addere—Vide
1025 3653 1322 3738 captum
1355 3642 1675 3715 hominis
1708 3641 2235 3715 mathematici.
2313 3642 2480 3715 Ma-

384 3755 960 3829 thematicorum
1014 3778 1169 3829 esse
1218 3764 1435 3853 putat
1479 3754 1749 3829 docere
1801 3778 1899 3827 an
1942 3778 2174 3828 unum
2219 3756 2316 3829 sit
2347 3780 2478 3828 vo-

385 3869 663 3943 candus
700 3890 1104 3953 numerus;
1159 3869 1365 3966 quasi
1412 3893 1563 3942 non
1615 3867 1819 3965 vulgi
1874 3881 2070 3942 esset
2104 3868 2477 3965 impositio

382 3985 792 4072 nominum,
860 3993 994 4055 aut
1049 3983 1357 4079 quilibet
1416 4008 1458 4056 e
1510 3983 1736 4080 vulgo
1792 4006 1942 4055 non
1995 4007 2202 4080 aeque
2258 3983 2480 4057 sciret

375 4112 592 4201 atque
650 4094 948 4174 centies
994 4095 1190 4168 mille
1239 4096 1664 4194 peritissimi
1708 4096 2181 4186 arithmetici,
2228 4105 2482 4169 utrum

366 4243 594 4294 unum
627 4216 738 4291 sit
777 4231 1129 4283 numerus
1155 4233 1415 4298 necne,
1451 4209 1529 4283 id
1564 4222 1699 4299 est,
1728 4210 1945 4305 juxta
1978 4208 2484 4282 definitionem

349 4331 726 4418 Euclidis,
766 4333 1028 4397 utrum
1051 4322 1274 4397 homo
1308 4322 1406 4395 sit
1439 4322 1776 4397 homines
1809 4345 2066 4395 necne.
2171 4321 2488 4395 Mirarer

2538 600 2837 642 mALoGth

2670 682 2710 723 1.

2543 754 2826 788 b—r-—ae
