3094 5125
838 518 1462 573 MATHEMATIcAE
1505 520 1994 572 HonmnNAE.
2321 506 2466 571 223

487 685 882 761 Ostensum
944 690 1139 761 enim
1208 700 1340 778 est,
1405 687 1602 784 quod
1673 699 2010 760 centrum
2085 686 2469 781 gravitatis
2540 711 2839 752 numana

394 802 831 875 semicirculi
888 804 1186 876 ABCD
1236 816 1348 876 est
1383 803 1457 874 in
1497 813 1699 874 recta
1735 803 1895 889 AC,
1933 825 2098 897 quae
2133 825 2179 873 a
2213 812 2469 872 centro
2550 793 2838 894 „XL

393 913 455 984 A
483 914 744 988 dividit
780 916 1317 989 semicirculum
1353 915 1646 988 ABCD
1682 915 2063 997 bifariam;
2102 913 2471 1008 distatque

391 1049 434 1096 a
466 1040 741 1122 puncto
778 1030 844 1100 A
878 1041 1168 1102 tantum
1226 1045 1503 1125 quanta
1542 1039 1653 1101 est
1691 1028 1855 1117 AO,
1892 1027 1969 1099 id
2024 1039 2161 1114 est,
2198 1038 2474 1122 quanta

392 1151 501 1211 est
537 1140 702 1214 duae
740 1143 1225 1238 quindecimae
1261 1155 1483 1215 rectae
1529 1143 1687 1231 DF,
1746 1142 1898 1214 sive
1955 1164 2171 1214 arcus
2228 1140 2468 1213 BCD.

393 1252 536 1327 Sed
572 1256 648 1327 in
685 1258 1023 1330 omnibus
1054 1256 1528 1330 semicirculis
1553 1267 1808 1329 centra
1834 1255 2217 1352 gravitatis
2251 1254 2472 1326 situm

392 1368 667 1441 habent
693 1370 1025 1444 similem.
1132 1373 1380 1447 Quare
1428 1382 1764 1443 centrum
1812 1369 2198 1465 gravitatis
2258 1368 2474 1439 semi-

393 1481 669 1572 circuli,
706 1487 916 1580 cujus
951 1484 1310 1558 diameter
1356 1495 1468 1558 est
1502 1485 1663 1573 DF,
1727 1484 1951 1557 distat
1985 1508 2029 1555 a
2063 1492 2342 1579 puncto
2405 1482 2472 1554 D

387 1606 678 1669 tantum
729 1611 1005 1694 quanta
1057 1610 1168 1672 est
1224 1598 1389 1671 duae
1443 1597 1931 1692 quindecimae
1984 1617 2200 1667 arcus
2259 1596 2475 1666 semi-

390 1708 668 1795 circuli,
704 1713 911 1806 cujus
940 1712 1298 1785 diameter
1321 1723 1431 1784 est
1458 1711 1624 1798 DF,
1659 1708 1960 1804 aequalis
1995 1709 2197 1780 arcui
2234 1707 2470 1781 BCD.

390 1822 525 1894 Est
577 1836 824 1896 autem
887 1848 1098 1897 arcus
1146 1822 1608 1910 semicirculi,
1666 1823 1874 1917 cujus
1943 1822 2305 1893 diameter
2367 1833 2477 1893 est

391 1936 689 2030 aequalis
725 1937 930 2010 arcui
967 1937 1204 2024 BCD,
1227 1934 1527 2031 aequalis
1561 1936 1721 2030 (per
1740 1959 1949 2031 prop.
1987 1935 2117 2027 ii*)
2153 1934 2477 2028 quinque

392 2050 819 2140 semiradiiS,
884 2051 1036 2123 sive
1093 2047 1498 2147 quintuplae
1555 2048 1717 2121 ΒΟ.
1824 2048 2080 2141 Itaque
2141 2056 2478 2118 centrum

390 2164 774 2258 gravitatis
836 2164 1061 2238 distat
1119 2189 1165 2238 a
1219 2176 1473 2236 centro
1530 2162 1622 2251 D,
1680 2172 1974 2234 tantum
2023 2170 2302 2255 quanta
2365 2174 2477 2232 est

394 2275 558 2348 duae
594 2277 1076 2372 quindecimae
1107 2275 1510 2373 quintuplae
1549 2273 1719 2363 AB,
1757 2274 1834 2346 id
1870 2285 2004 2362 est,
2044 2273 2209 2346 duae
2236 2273 2477 2345 tertiae

393 2388 761 2463 semiradii
797 2390 970 2464 AB.
1077 2390 1297 2466 Quod
1328 2402 1486 2463 erat
1521 2386 2201 2461 demonstrandum.

499 2500 836 2576 Con-sect.
975 2503 1171 2577 Dato
1242 2514 1496 2577 centro
1558 2500 1944 2599 gravitatis
2012 2498 2477 2588 semicirculi,

397 2614 617 2688 datur
685 2641 977 2713 quoque
1046 2628 1385 2691 centrum
1452 2616 1837 2713 gravitatis
1909 2614 2193 2688 dimidii
2272 2615 2428 2708 ejus
2458 2647 2477 2695 ς

396 2739 616 2825 atque
644 2729 868 2802 etiam
903 2730 1295 2826 cujuslibet
1330 2732 1638 2804 sectoris
1702 2731 1828 2825 qui
1888 2730 1986 2804 sit
2042 2728 2483 2803 semicirculi

397 2843 802 2937 quotalibet
834 2867 1030 2938 parS.

498 2955 596 3029 B.
652 2957 1037 3046 Method0,
1064 2970 1148 3030 ut
1182 2958 1497 3045 videtur,
1535 2957 1792 3029 eadem
1829 2980 1974 3052 qua
2008 2968 2260 3029 centra
2310 2980 2480 3052 gra-

395 3069 640 3143 vitatis
682 3070 1007 3164 partium
1042 3071 1355 3167 cylindri
1397 3069 1576 3143 facti
1631 3093 1677 3141 a
1737 3068 2214 3141 conversione
2278 3069 2480 3165 plani

398 3182 541 3256 DG
578 3183 775 3256 circa
809 3183 948 3256 DF
982 3185 1283 3257 inventa
1309 3194 1504 3272 sunt,
1533 3183 1844 3255 inveniri
1896 3193 2203 3277 possunt
2257 3182 2481 3254 etiam

399 3310 653 3372 centra
704 3301 1090 3395 gravitatis
1140 3301 1461 3396 partium
1518 3298 1830 3394 cylindri
1882 3296 2060 3370 facti
2096 3321 2141 3369 a
2174 3321 2481 3371 conver-

397 3413 603 3485 sione
641 3413 968 3508 ejusdem
1002 3413 1203 3510 plani
1239 3412 1384 3486 DG
1421 3411 1618 3484 circa
1652 3409 1827 3484 DB.
1933 3409 2135 3484 Quid
2182 3434 2358 3506 ergo
2395 3436 2482 3485 ea

399 3549 564 3620 quae
591 3536 874 3599 restant
905 3551 1055 3600 non
1088 3526 1597 3600 demonstras?

502 3638 599 3711 A.
654 3640 921 3728 Primo,
975 3641 1149 3736 quia
1190 3641 1351 3713 haec
1384 3651 1647 3736 parata
1681 3638 1947 3720 habui;
2005 3649 2275 3709 caetera
2298 3659 2481 3709 non-

401 3751 575 3824 dum
603 3754 1139 3848 contemplatus
1174 3776 1356 3826 sum.
1466 3750 1831 3839 Secundo,
1870 3750 2043 3846 quia
2069 3749 2207 3821 alia
2242 3750 2481 3844 figura

401 3863 883 3939 describenda
916 3876 1128 3956 esset,
1164 3867 1241 3939 in
1298 3890 1444 3961 qua
1497 3865 2021 3949 semicirculus,
2059 3866 2265 3958 cujus
2327 3862 2481 3935 dia-

402 3991 636 4051 meter
662 3992 772 4052 est
794 3979 944 4068 DF,
963 3990 1153 4053 esset
1180 3979 1727 4069 describendus,
1742 3990 1818 4051 et
1842 4001 1992 4049 non
2011 3975 2479 4072 paucioribus

399 4089 609 4163 lineis
663 4115 884 4187 quam
936 4092 1096 4166 haec
1132 4104 1436 4166 onerata
1472 4104 1608 4182 est,
1668 4089 2092 4171 oneranda3
2147 4087 2222 4160 id
2285 4086 2483 4181 quod

403 4204 583 4276 mihi
619 4204 914 4301 quidem
952 4229 1195 4301 operae
1219 4206 1538 4303 pretium
1564 4230 1718 4282 esse
1742 4228 1892 4279 non
1917 4202 2229 4275 videtur.
2288 4202 2482 4274 Nam

485 4462 519 4495 ⁴*
544 4463 793 4521 Frustra
819 4473 1112 4537 quaeretur
1140 4468 1200 4523 in
1229 4475 1483 4526 tractatu
1512 4469 1621 4525 hoc
1650 4463 1972 4543 propositio
2005 4481 2182 4537 supra
2209 4464 2402 4522 citata.
