3094 5125
561 475 708 541 488
1458 489 1941 543 nnnchrlo.

560 681 779 743 tunas
835 669 1128 759 civium,
1184 669 1714 767 principalem:
1767 681 2071 743 caeteras
2125 669 2330 742 nihil
2404 691 2593 741 esse
2650 677 2903 763 praeter

560 805 837 879 ludum.
909 807 1259 880 Ludimus
1294 807 1490 879 enim
1524 806 1745 880 otiosi
1781 808 1855 878 in
1888 805 2326 878 nominibus
2372 801 2907 886 Grammatici,

559 940 638 1012 in
676 941 1114 1038 syllogismis
1149 941 1427 1038 Logici,
1464 942 1542 1014 in
1579 942 1776 1015 sonis
1811 940 2104 1030 Musici,
2132 940 2210 1011 in
2243 938 2643 1013 numeris
2672 933 2910 1009 Arith-

561 1073 836 1163 metici,
864 1075 941 1147 in
971 1086 1176 1147 motu
1202 1074 1515 1171 Physici,
1542 1074 1620 1146 in
1654 1073 1908 1169 figuris
1936 1073 2400 1160 Geometrae,
2437 1071 2651 1143 dum
2689 1068 2908 1141 otium

560 1216 896 1278 nostrum
949 1208 1252 1302 negotia
1290 1215 1594 1279 tuentur
1633 1205 2075 1301 Principum.
2178 1204 2355 1277 Nec
2400 1215 2699 1277 tamen
2740 1196 2912 1271 nihil

561 1363 783 1435 agere
816 1339 1151 1413 videmur
1190 1340 1555 1414 nobismet
1602 1339 1802 1436 ipsis,
1906 1337 2189 1412 Praedia
2234 1349 2437 1411 sunt
2490 1331 2909 1433 geometris

560 1472 1042 1569 problemata,
1077 1474 1597 1572 possidentque
1634 1499 1720 1547 ea
1753 1472 2087 1570 plerique
2123 1473 2330 1570 quasi
2384 1475 2599 1569 jure
2636 1464 2907 1542 feudali

562 1608 657 1680 ab
727 1608 1048 1705 antiquis
1115 1608 1539 1707 geometriae
1608 1608 1921 1681 dominis
1988 1608 2316 1697 Euclide,
2390 1600 2907 1684 Archimede,

564 1743 892 1840 aliisque,
926 1768 1061 1841 per
1094 1743 1620 1818 servitudinem
1656 1755 1733 1817 et
1780 1743 2283 1840 pertinaciam.
2396 1742 2722 1818 Schola
2767 1736 2902 1810 illis

566 1875 1000 1949 Praetorium
1070 1887 1203 1964 est,
1273 1876 1400 1949 ubi
1456 1899 1714 1948 verum
1782 1876 2244 1950 constituunt
2312 1900 2468 1950 suo
2555 1870 2893 1949 arbim-io.

562 2010 744 2083 Jure
788 2010 1316 2106 *occupationis
1382 2010 1766 2083 inventum
1834 2034 2106 2083 novum
2173 2035 2324 2084 non
2398 2008 2893 2107 acquiritur:

562 2144 935 2232 nimirum,
973 2142 1172 2239 quod
1223 2144 1527 2239 quisque
1581 2143 1860 2240 ingenii
1907 2145 2021 2217 sui
2055 2144 2443 2241 proprium
2486 2166 2698 2241 opus
2735 2159 2886 2212 esse

554 2278 940 2375 judicavit,
971 2280 1032 2352 si
1066 2303 1325 2376 parum
1361 2278 1737 2352 festinanti
1772 2279 2142 2375 praeripiat
2177 2279 2385 2371 alter,
2418 2278 2724 2376 injuria
2750 2283 2876 2346 est.

564 2413 838 2511 Legem
892 2415 1086 2487 hanc
1140 2413 1528 2510 supercilio
1587 2413 1922 2486 damnari
1987 2414 2316 2509 iniquam
2371 2438 2540 2488 non
2610 2410 2873 2509 patior.

565 2547 811 2639 Ratio,
842 2548 902 2622 si
927 2549 1298 2636 afferatur,
1329 2547 1598 2620 vincat.
1673 2546 1818 2621 Sed
1843 2546 2105 2620 lectori
2129 2572 2365 2644 neque
2391 2548 2871 2623 intellectum

563 2704 802 2775 neque
847 2681 1282 2777 patientiam
1332 2691 1678 2774 praestare
1726 2679 1985 2753 debeo.
2090 2681 2345 2777 Itaque
2386 2704 2734 2778 provoco
2779 2670 2867 2748 ad

562 2820 878 2899 exterOS,
947 2821 1169 2904 atque
1238 2809 1459 2882 etiam
1529 2809 1626 2882 ad
1692 2823 2053 2907 poster08,
2124 2813 2259 2885 sub
2320 2825 2477 2904 tuo,
2550 2812 2863 2886 MAGNB

566 2944 1010 3033 PmNcEPS,
1057 2943 1380 3032 nomine,
1431 2944 1554 3016 cui
1606 2968 1767 3040 quae
1822 2946 2030 3042 cupis
2087 2947 2333 3021 omnia
2394 2948 2610 3022 Deus
2674 2964 2862 3018 com·

564 3077 854 3173 probet,
895 3090 970 3151 et
1004 3101 1163 3175 quae
1199 3077 1355 3174 agis
1391 3077 1768 3151 secundet.

1098 3373 1101 3374 ν
1288 3312 1784 3387 Serenissimae
1819 3313 2273 3388 celsitudinis
2309 3325 2453 3388 tuae

1792 3572 2167 3622 servorum
2203 3549 2660 3623 humillimus

1977 3783 2332 3856 THOMAS
2375 3783 2751 3858 Honnus,
