3094 5125
965 486 1524 540 PRoBLnMATA
1562 486 1952 539 PEYSICA.
2351 474 2494 541 309

417 665 721 752 propter
756 654 973 745 diem,
1015 656 1279 729 deinde
1331 668 1615 729 motum
1666 656 1744 729 in
1797 654 2136 753 ecliptica
2191 668 2498 752 propter

2622 685 2757 725 CAP.
2789 685 2830 723 1.

2577 753 2863 787 s-—q-——ae

418 793 720 858 annum,
748 782 834 842 ut
869 769 1151 842 dandus
1197 771 1293 842 sit
1337 769 1443 842 illi
1499 772 1723 843 etiam
1774 793 2008 843 novus
2067 769 2189 842 hic
2250 781 2497 842 motus
2551 813 2620 857 D„
2637 811 2862 871 gravium,

420 906 657 979 neque
693 895 965 971 rectuS,
1004 906 1239 979 neque
1275 884 1570 979 proprie
1604 882 1971 980 loquendo
2008 882 2381 955 circularis
2413 882 2438 955 ἓ

518 995 615 1067 Β.
671 996 842 1069 Non
892 997 1034 1068 hoc
1079 995 1311 1068 videri
1357 996 1491 1068 tibi
1547 1020 1815 1069 novum
1878 997 2118 1086 debet,
2177 996 2304 1093 qui
2359 997 2500 1070 scis

419 1108 616 1203 quod
685 1132 949 1204 corpus
1003 1133 1219 1181 omne
1277 1120 1392 1181 tot
1451 1122 1692 1182 motus
1746 1110 1962 1182 simul
2016 1110 2260 1198 habet,
2320 1121 2500 1204 quot

421 1231 591 1294 sunt
653 1235 862 1296 extra
921 1223 1162 1318 ipsum
1217 1247 1531 1319 corpora
1589 1225 1931 1320 agentia:
1995 1234 2499 1313 veruntamen,

417 1335 493 1406 in
529 1358 756 1408 unum
795 1348 1077 1408 motum
1112 1337 1581 1432 compositos.
1696 1337 1890 1410 Nam
1931 1336 2071 1410 etsi
2105 1337 2500 1410 multarum

417 1448 738 1544 partium
806 1448 1132 1544 corporis
1202 1448 1416 1521 unius
1477 1449 1687 1522 multi
1744 1450 1892 1522 sint
1945 1460 2212 1537 motuS,
2271 1450 2500 1522 totius

419 1573 664 1635 tamen
690 1585 880 1634 unus
909 1576 1018 1634 est
1045 1572 1305 1635 motus,
1373 1563 1639 1634 Nonne
1667 1563 1794 1659 qui
1823 1564 2145 1658 navigat,
2170 1571 2504 1634 movetur

419 1675 635 1747 simul
672 1700 839 1749 cum
873 1699 1100 1747 nave:
1156 1687 1230 1748 et
1282 1676 1589 1763 interea,
1651 1699 2236 1772 quaquaversum
2284 1697 2504 1771 super

418 1789 749 1861 tabulata
780 1789 1133 1876 ambulat,
1171 1788 1507 1861 manibus
1542 1790 1744 1862 varie
1787 1788 2106 1885 jactatiS,
2150 1788 2503 1884 sanguine

417 1924 548 1996 per
615 1925 861 1989 venaS,
932 1900 1307 1996 spiritibus
1373 1925 1505 1996 per
1567 1925 1831 1974 nervos
1901 1902 2501 1990 discurrentibuS‚

418 2014 884 2110 pulmonibus
969 2014 1144 2087 dum
1229 2014 1481 2110 spirat,
1567 2015 1819 2112 lingua
1893 2028 1969 2087 et
2030 2015 2253 2088 labris
2326 2014 2502 2086 dum

419 2128 762 2224 loquitur,
798 2129 1142 2225 inquietis
1171 2129 1197 2200 ἓ
1302 2128 1691 2224 Multiplex
1730 2153 1906 2226 ergo
1944 2128 2225 2203 telluris
2261 2139 2503 2201 motus

420 2264 537 2314 res
573 2242 707 2314 tibi
746 2265 936 2314 nova
969 2265 1126 2314 esse
1160 2265 1309 2314 non
1345 2253 1614 2338 potest.
1703 2242 1922 2317 Quod
1957 2254 2203 2316 autem
2237 2244 2505 2316 attinet

420 2354 514 2427 ad
550 2355 784 2451 ipsum
833 2354 1031 2426 hunc
1067 2367 1348 2427 motum
1384 2378 1604 2450 quem
1652 2380 1820 2428 cum
1872 2366 2078 2428 motu
2128 2355 2355 2452 pelvis
2388 2355 2506 2427 vel

421 2468 643 2541 cribri
691 2491 1059 2564 comparo,
1115 2492 1562 2566 quamquam
1618 2468 2117 2543 familiaritate
2174 2468 2501 2565 despica-

418 2581 584 2654 bilis
635 2583 753 2671 sit,
813 2606 963 2654 non
1020 2594 1269 2655 tamen
1327 2584 1421 2655 ob
1482 2606 1646 2655 eam
1705 2608 1862 2656 rem
1919 2584 2339 2678 negandum
2390 2594 2503 2656 est

423 2695 598 2789 quin
647 2695 775 2767 tali
828 2708 1032 2767 motu
1093 2707 1360 2768 natura
1411 2697 1520 2768 uti
1582 2697 1835 2792 possit.
1969 2697 2081 2770 Illi
2138 2721 2310 2770 vero
2374 2697 2502 2792 qui

424 2809 994 2904 suppositionem
1028 2809 1220 2880 hanc
1267 2824 1792 2904 aspernantur:
1849 2834 2015 2882 cum
2052 2833 2393 2883 ascensus
2428 2822 2504 2883 et

423 2919 813 2994 descensus
848 2922 995 2994 sint
1028 2933 1293 3008 motuS‚
1332 2933 1407 2993 et
1452 2921 1634 2994 nihil
1669 2922 1900 3018 possit
1934 2923 2227 2996 initium
2263 2935 2504 2996 motus

424 3035 921 3130 cujuscunque
958 3034 1131 3106 dare
1167 3033 1305 3106 sibi
1342 3033 1502 3129 ipsi,
1527 3046 1603 3105 et
1628 3058 1761 3130 per
1796 3058 2249 3131 consequens
2286 3059 2506 3109 causa

422 3147 808 3242 gravitatis
842 3148 936 3220 sit
969 3145 1379 3220 necessario
1417 3157 1656 3219 motus
1683 3147 1988 3242 aliquis:
2026 3147 2153 3234 illi,
2179 3148 2504 3245 inquam,

421 3272 704 3333 motum
739 3259 965 3333 alium
1000 3260 1375 3354 assignare
1411 3257 1707 3348 debent,
1744 3272 1817 3332 et
1863 3284 2155 3333 causam
2202 3261 2506 3335 descen-

424 3373 650 3446 sionis
683 3373 1017 3468 gravium
1051 3371 1223 3444 inde
1261 3370 1787 3444 demonstrare.
1892 3371 1979 3445 Id
2034 3374 2233 3468 quod
2289 3399 2505 3450 nemo

422 3485 779 3558 hactenus
811 3484 1012 3557 fecit.
1117 3483 1506 3570 Caeterum,
1547 3507 1715 3556 cum
1751 3484 1982 3557 multa
2027 3486 2171 3559 alia
2204 3487 2506 3583 phaeno-

423 3621 640 3671 mena
680 3610 946 3693 praeter
978 3597 1411 3694 gravitatem
1447 3620 1581 3692 per
1620 3597 1818 3670 hunc
1852 3612 2135 3671 motum
2188 3600 2507 3695 explica-

424 3710 682 3798 verim,
712 3710 1195 3783 humilitatem
1235 3710 1572 3805 exempli,
1601 3710 1846 3798 credo,
1872 3735 2021 3784 non
2058 3725 2505 3786 contemnes.

429 3821 802 3916 Siquidem
838 3836 1089 3896 autem
1122 3847 1295 3895 vera
1334 3824 1715 3918 gravitatis
1752 3848 1973 3897 causa
2014 3826 2321 3899 fortuito
2370 3827 2506 3900 tibi

428 3936 962 4024 ostenderetur,
993 3961 1139 4009 non
1178 3936 1436 4010 dubito
1466 3937 1643 4032 quin
1679 3962 1825 4010 non
1861 3939 2103 4013 minus
2133 3938 2507 4013 videretur

427 4047 561 4121 tibi
593 4048 1056 4144 phantastica
1090 4074 1176 4121 ea
1213 4074 1434 4146 quam
1468 4051 1589 4122 hic
1624 4051 2015 4147 assignavi.

529 4162 624 4234 A.
684 4160 830 4233 Sed
872 4161 966 4233 ad
1019 4186 1198 4258 quas
1248 4163 1414 4236 coeli
1465 4176 1711 4259 partes
1772 4175 2101 4259 spectare
2156 4164 2505 4259 supponis

427 4287 670 4346 motus
707 4273 914 4346 istius
950 4277 1059 4347 tui
1091 4277 1298 4371 polos
1329 4279 1353 4349 ?

530 4387 626 4460 B.
686 4386 1036 4484 Suppono
1064 4411 1188 4461 eos
1216 4389 1510 4463 eosdem
1533 4415 1691 4464 esse
1717 4415 1885 4464 cum
1905 4389 2100 4486 polis
2120 4389 2507 4486 eclipticae.
