3094 5125
518 490 663 556 296
1144 502 1252 552 nn
1286 498 1626 552 NATURA
1662 502 1937 555 Amus.

520 691 692 756 ante
743 682 1054 754 certior:
1104 695 1180 757 et
1223 708 1383 781 quae
1422 683 1671 758 dixisti
1706 674 2206 757 omnia'teneo
2241 693 2315 755 et
2348 683 2605 778 probo,

519 795 661 868 nisi
696 795 894 892 quod
929 821 1220 871 cansam
1257 825 1483 897 quare
1519 810 1768 873 suctor
1801 807 2189 884 retractuS,
2227 806 2303 869 et
2337 795 2604 869 deinde

519 933 745 982 manu
798 910 1106 1005 elapsus,
1167 912 1262 986 ad
1316 914 1813 988 summitatem
1886 909 2196 1007 cylindri
2253 909 2605 982 velociter

519 1021 887 1112 ascendat,
925 1046 1457 1120 recognoscens
1492 1037 1694 1098 recte
1743 1023 2187 1118 assignatam
2240 1045 2398 1094 esse
2450 1045 2602 1095 non

519 1148 798 1231 putem.
902 1135 1093 1208 Nam
1128 1136 1556 1212 incredibile
1586 1138 1804 1210 estin
1833 1146 2038 1207 motu
2074 1134 2603 1231 particularum

530 1248 741 1345 (quas
771 1249 1152 1344 supponis)
1189 1262 1620 1339 terrearum,
1655 1259 1940 1323 tantam
1977 1247 2211 1321 inesse
2236 1248 2385 1320 vim
2419 1260 2506 1319 ut
2525 1247 2604 1320 id

522 1363 809 1436 efficere
858 1361 1109 1457 possit.
1217 1363 1439 1438 Quod
1493 1378 1742 1437 autem
1801 1385 2045 1434 aerem
2097 1361 2224 1456 qui
2271 1362 2602 1434 incussus

522 1475 762 1547 fuerat
804 1474 1064 1569 expelli
1097 1475 1269 1550 inde
1323 1477 1575 1567 inferS,
1610 1501 1748 1572 ego
1805 1486 2090 1560 contra,
2138 1474 2304 1548 ideo
2361 1487 2603 1547 sucto-

522 1611 680 1661 rem
735 1587 975 1661 subito
1040 1590 1435 1663 ascendere
1490 1589 1852 1677 existimo,
1910 1589 2104 1685 quia,
2161 1588 2605 1661 retractione

526 1714 882 1790 cessante,
920 1725 1045 1774 aer
1081 1704 1207 1799 qui
1257 1704 1613 1801 impulsus
1647 1726 1916 1798 magna
1942 1702 2016 1774 vi
2048 1700 2311 1791 fuerat,
2348 1700 2604 1774 eadem

523 1814 596 1886 vi
641 1815 835 1887 inter
882 1816 1195 1888 suctoris
1244 1817 1702 1912 superficiem
1749 1838 2147 1888 convexam
2184 1825 2259 1886 et
2293 1814 2606 1911 cylindri

525 1950 921 1999 concavam
956 1927 1365 2022 expellitur,
1401 1941 1476 2003 et
1507 1927 1815 2026 proinde
1857 1927 2269 2024 (supposita
2293 1926 2608 2024 plenitu-

528 2040 698 2113 dine
735 2040 1020 2132 mundi)
1063 2064 1187 2113 aer
1221 2055 1593 2132 externus,
1648 2041 1742 2115 ad
1782 2041 2026 2114 locum
2062 2063 2274 2112 suum
2307 2039 2606 2112 restitu-

527 2165 670 2241 tuS,
734 2152 948 2225 simul
994 2165 1363 2227 suctorem
1412 2155 1740 2229 restituit
1798 2154 1894 2227 ad
1951 2154 2196 2227 locum
2250 2153 2446 2227 unde
2492 2175 2606 2224 re-

526 2277 804 2338 tractus
834 2279 1005 2338 ante
1041 2265 1303 2340 fuerat.

629 2377 728 2451 A.
783 2378 987 2451 Idem
1050 2403 1338 2452 censen.
1462 2379 1771 2451 Erravit
1845 2390 1919 2450 et
1976 2400 2297 2452 errorem
2362 2402 2607 2452 meum

529 2506 728 2566 recte
765 2491 1173 2565 correxisti.

1446 3457 1687 3509 FINlS.
