3094 5125
1030 517 1702 571 GEOMETRARUM.
2264 507 2409 571 465

320 685 471 775 alii,
513 685 895 758 convitiati
937 698 1133 775 sunt,
1171 711 1336 782 quae
1383 711 1605 762 causa
1651 711 1810 761 esse
1852 689 2136 783 potuit?
2244 689 2412 763 Quo
2467 717 2604 757 cn.
2638 716 2816 758 xxm.

320 798 476 872 laesi
508 798 893 871 fecerunt?
999 798 1538 895 paralogismus
1577 825 1782 874 meus
1810 801 2162 874 damnum
2198 813 2409 874 tuum
2442 787 2780 905 Dm

321 936 474 987 non
510 925 643 984 est.
751 913 966 985 Unde
1002 914 1229 1009 igitur
1269 915 1399 987 irae
1435 913 1699 988 tantae?
1802 915 1921 987 An
1957 939 2003 987 a
2037 914 2194 988 zelo
2234 915 2410 987 boni
2436 910 2844 1026 gcssgdefflfflffi

322 1026 758 1114 communiS,
819 1028 1168 1099 nimirum
1235 1052 1328 1101 ne
1390 1042 1988 1123 corrumperetur
2054 1028 2408 1122 paulatim
2436 1051 2521 1089 etc·

326 1140 888 1214 mathematica?
994 1142 1298 1215 Utinam
1335 1141 1632 1237 quidem
1679 1142 1820 1214 illis
1857 1142 2197 1215 omnibus
2234 1165 2411 1214 cura

323 1253 501 1326 boni
536 1255 945 1327 communis
981 1266 1189 1329 tanta
1214 1267 1430 1344 esset,
1458 1270 1541 1328 ut
1569 1256 1751 1329 nihil
1778 1256 2077 1331 omnino
2104 1255 2412 1328 inlibris

321 1366 483 1439 falsi
519 1380 950 1463 paterentur
982 1392 1137 1441 esse
1172 1368 1330 1441 sine
1364 1369 1893 1442 confutatione.
1984 1367 2130 1442 Sed
2165 1367 2271 1443 ita
2302 1380 2414 1442 est

321 1479 571 1568 hom0,
594 1481 734 1554 nisi
766 1494 1142 1577 praecepta
1175 1505 1352 1555 vera
1384 1482 1872 1579 philosophiae
1903 1481 2203 1554 moralis
2239 1494 2413 1554 ante

326 1592 690 1680 didicerit,
711 1609 799 1667 ut
834 1595 1104 1668 famam
1139 1606 1268 1668 aut
1300 1596 1588 1669 lucrum
1623 1595 1997 1692 primario,
2024 1595 2415 1668 veritatem

326 1707 763 1781 secundario
797 1719 1123 1804 appetat.
1205 1707 1389 1781 Inde
1424 1720 1536 1782 est
1572 1708 1770 1807 quod
1803 1709 2214 1782 irascantur
2248 1708 2415 1799 illis,

325 1844 644 1916 quorum
685 1821 1051 1895 industria
1093 1821 1322 1894 nimia
1353 1822 1687 1896 veritatis
1730 1822 1854 1895 lux
1889 1822 2235 1894 infertur:
2273 1846 2420 1918 qua

327 1946 662 2029 patescat
731 1935 1093 2022 omnibuS,
1151 1935 1484 2032 quantuli
1545 1936 1685 2008 viri
1753 1948 1928 2008 sunt
1980 1935 2106 2031 qui
2159 1934 2420 2008 volunt

327 2045 584 2119 haberi
621 2047 944 2121 maximi.
1046 2049 1207 2145 Ego
1242 2047 1489 2144 aliqua
1523 2048 1821 2145 quidem
1856 2050 1932 2121 in
1984 2047 2272 2121 Euclidi
2307 2072 2421 2122 re-

328 2159 711 2254 prehendi,
764 2184 915 2234 non
968 2172 1214 2235 tamen
1263 2173 1348 2234 ut
1402 2162 1609 2235 illum
1657 2187 1808 2235 non
1858 2174 2111 2257 putem
2167 2163 2416 2257 magni

328 2273 752 2348 faciendum
809 2297 992 2362 esse,
1028 2275 1156 2371 qui
1204 2275 1678 2349 scientiarum
1729 2275 2418 2348 mathematicamm

328 2386 859 2463 tradendarum
898 2387 1324 2462 methodum
1363 2390 1644 2484 primns
1679 2387 2009 2461 tradidit.
2085 2387 2287 2459 Nihil
2323 2389 2418 2461 ab

328 2501 772 2576 Archimede
802 2502 1081 2576 editum
1110 2526 1262 2577 non
1291 2502 1533 2576 laudo,
1579 2501 1982 2576 Consilium
2011 2499 2189 2573 mihi
2216 2500 2416 2574 aliud

329 2637 483 2686 non
525 2627 661 2703 est,
701 2640 920 2711 quam
967 2615 1451 2690 arithmeticae
1498 2629 1574 2690 et
1619 2616 1938 2712 algebrae
1992 2613 2070 2686 in
2117 2613 2421 2686 demon-

332 2726 653 2800 strandis
702 2729 1328 2824 propositionibus
1374 2754 1559 2825 pure
1591 2727 2064 2826 geometricis
2110 2728 2422 2801 abusum

332 2838 620 2929 tollere,
657 2840 719 2912 si
752 2853 1087 2936 potuero.
1190 2841 1394 2914 Vale.

1179 3508 1571 3538 ΙΙ

540 4581 726 4632 VOL.
762 4583 873 4633 lv.
2065 4592 2115 4641 11
2163 4592 2215 4640 H
