3094 5125
615 487 763 553 462
906 500 1014 551 DE
1054 498 1515 552 PRINCIPIIS
1559 497 1662 550 ET
1699 497 2423 552 RATIOOINATIONE

214 692 352 741 cn.
377 694 557 735 xxm.
613 665 932 742 mediam
982 665 1348 740 inveneris
1398 665 2048 762 proportionalem.
2155 664 2350 738 Nam
2385 662 2528 737 erit
2576 661 2707 737 illa

245 764 529 796 κ-Ὗϋ

189 825 259 868 De
234 826 523 883 equantitate

613 767 910 866 quidem
958 791 1111 840 non
1159 766 1373 841 valde
1408 766 1700 840 diversa
1732 791 1778 840 a
1812 775 2196 862 tangente:
2248 764 2379 839 sed
2427 777 2704 854 tamen,

186 896 318 934 recte
340 905 531 967 0011113om
494 892 589 935 0³¹ae
615 884 675 956 si
711 906 880 955 cum
916 881 1300 977 diligentia
1349 882 1772 976 operabere,
1811 881 2053 954 media
2101 880 2227 953 illa
2281 880 2520 952 minor
2560 878 2708 951 erit

187 969 243 998 ex
279 956 461 1001 radium
463 956 592 1009 rei‚ul

186 1028 268 1064 etc.

614 1020 833 1093 quam
870 1007 1180 1091 tangens
1204 1003 1301 1069 30
1321 994 1710 1091 graduum,
1749 995 2097 1067 nimirum
2133 1018 2355 1091 quam
2392 993 2547 1066 BL.
2591 1004 2707 1065 est

615 1121 864 1182 tamen
925 1107 1050 1180 illa
1109 1107 1375 1197 media,
1436 1108 1629 1181 latus
1691 1132 1945 1181 verum
2006 1108 2345 1204 quadrati
2404 1105 2704 1203 aequalis

615 1230 713 1295 48
750 1219 1125 1318 quadratis
1157 1244 1203 1293 a
1237 1234 1447 1293 sexta
1477 1234 1694 1317 parte
1732 1222 1884 1315 BG,
1920 1222 2269 1294 nimirum
2303 1221 2398 1293 ab
2435 1220 2576 1293 Nr.

715 1335 990 1408 Verum
1024 1358 1232 1408 error
1264 1335 1388 1408 ille
1423 1359 1519 1408 an
1555 1359 1867 1432 magnus
1914 1359 2010 1408 an
2059 1357 2331 1432 parvus
2366 1333 2485 1422 sit,
2522 1331 2708 1407 nihil

614 1448 737 1522 hio
771 1448 1021 1521 refert.
1107 1447 1304 1521 Nam
1338 1447 1480 1522 etsi
1513 1448 1759 1522 nullus
1792 1460 2009 1537 esset,
2045 1472 2216 1522 cum
2249 1459 2500 1521 tamen
2535 1468 2708 1542 pro-

613 1561 884 1658 positio
919 1561 1047 1634 illa
1086 1560 1422 1657 (propter
1453 1560 1820 1657 principia
1851 1562 2113 1659 quibus
2147 1560 2510 1648 innititur,
2546 1582 2709 1656 quae

614 1688 789 1751 sunt
822 1685 908 1749 ut
941 1697 1166 1770 supra
1199 1673 1490 1748 ostendi
1519 1674 1759 1749 dubiae
1791 1674 1997 1769 fidei)
2033 1674 2257 1748 etiam
2292 1674 2453 1770 ipsa
2485 1672 2711 1745 dubia

615 1790 804 1863 estst*
853 1789 1114 1885 Itaque
1134 1797 1414 1860 temere
1437 1787 1722 1860 dictum
1743 1801 1858 1860 est
1883 1811 1928 1861 a
1952 1787 2228 1874 Clavi0,
2243 1786 2342 1860 ad
2359 1809 2571 1883 prop.
2594 1794 2708 1874 16,

615 1903 847 1977 Elem.
878 1902 981 1990 iii,
1010 1911 1271 1975 eontra
1296 1900 1790 1990 Pelletarium,
1816 1907 1863 1940 “
1890 1900 2457 1990 Geometricas”,
2492 1899 2570 1972 id
2597 1911 2712 1973 est

613 2026 1187 2114 geometrarum,
1224 2017 1274 2052 “
1298 2014 1963 2088 demonstrationes
2014 2012 2375 2111 ejusmodi
2409 2035 2589 2103 esse,
2625 2024 2712 2087 ut

616 2151 1056 2204 eonsensum
1124 2138 1611 2225 extorqueant
1667 2152 1755 2201 ac
1819 2127 2354 2202 dubitationem
2414 2149 2711 2199 omnem

620 2241 1042 2332 excludant,
1069 2240 1416 2338 nulloque
1437 2240 1660 2315 modo
1690 2241 2107 2338 quempiam
2133 2240 2379 2314 sinant
2405 2238 2713 2334 ancipiti

623 2355 967 2453 opinione
1020 2354 1352 2444 distrahi,
1405 2354 1512 2428 sic
1561 2367 1651 2429 ut
1697 2367 1857 2429 tum
1907 2355 2354 2431 assentiatur
2403 2354 2467 2427 si
2506 2354 2711 2443 velit,

625 2481 789 2545 tum
822 2470 885 2544 si
917 2469 1105 2542 nolit
1139 2467 1594 2542 dissentiat.”

728 2583 810 2657 Si
846 2582 1165 2657 circulus
1199 2581 1312 2654 vel
1366 2581 1816 2677 triangulum
1850 2591 2132 2656 sectum
2164 2581 2389 2656 fuerit
2420 2581 2500 2654 in
2534 2605 2713 2677 qua-

626 2708 801 2770 tuor
854 2706 1126 2790 parteS,
1180 2716 1340 2788 quae
1392 2705 1642 2789 partes
1695 2693 2047 2790 dispersae
2096 2705 2365 2782 essent,
2410 2718 2562 2768 una
2618 2693 2716 2766 ad

634 2809 860 2883 Indos
919 2806 1354 2895 OrientaleS‚
1415 2807 1652 2880 altera
1716 2807 1815 2881 ad
1883 2809 2108 2882 Indos
2177 2808 2715 2898 OccidentaleS,

626 2919 850 2995 tertia
885 2919 983 2992 ad
1008 2918 1265 2992 Polum
1302 2919 1705 3010 Arctieum,
1736 2933 1999 3017 quarta
2029 2921 2128 2994 ad
2160 2921 2711 2996 Antaretieum:

628 3045 941 3131 putasne
1000 3055 1159 3106 esse
1213 3031 1919 3107 demonstrationem
1984 3035 2514 3130 geometricam
2581 3035 2716 3118 ali·

631 3171 875 3244 quam,
928 3171 1089 3245 quae
1145 3171 1265 3220 me
1320 3170 1588 3243 cogere
1646 3160 1894 3243 posset
1951 3161 2039 3221 ut
2095 3148 2390 3223 credam
2440 3160 2718 3246 puncta

630 3284 885 3334 eorum
909 3261 1289 3335 verticalia
1314 3285 1465 3335 non
1491 3284 1647 3334 esse
1674 3272 1990 3358 quatuor
2013 3272 2313 3357 puncta,
2335 3262 2466 3337 sed
2489 3285 2719 3337 unum

628 3373 968 3470 idemque
1018 3374 1417 3469 punctum?
1523 3374 1714 3447 Item
1749 3375 1811 3447 si
1846 3374 2027 3472 quid
2079 3388 2463 3450 moveatur
2512 3387 2720 3450 motu

628 3486 974 3584 aequabili
998 3510 1131 3582 per
1157 3487 1399 3560 minus
1419 3499 1496 3560 et
1522 3489 1759 3585 majus
1788 3489 2131 3584 spatium,
2154 3490 2718 3585 extorquebitne

630 3600 1167 3675 demonstratio
1193 3600 1347 3674 ulla
1377 3611 1462 3674 ut
1488 3599 1787 3673 credam
1814 3601 2016 3695 quod
2049 3625 2201 3675 non
2227 3613 2556 3677 transeat
2587 3625 2722 3700 per

628 3714 937 3811 aequale,
965 3724 1098 3788 aut
1128 3723 1215 3786 ut
1246 3713 1545 3788 credam
1572 3738 1748 3789 vera
1780 3736 1939 3789 esse
1974 3740 2137 3813 quae
2171 3738 2396 3813 supra
2429 3715 2722 3794 ostendi

626 3851 792 3914 ‚esse
828 3824 1187 3902 absurda?

733 3942 812 4015 Si
847 3965 1013 4015 mea
1046 3941 1203 4013 haee
1236 3949 1439 4013 reete
1473 3938 1981 4016 demonstrata
2032 3953 2231 4032 sunt,
2267 3940 2723 4017 animadver-

631 4055 862 4129 tenda
893 4054 1031 4128 tibi
1063 4065 1428 4151 praeterea
1460 4065 1659 4144 sunt,
1694 4053 1958 4151 primu,
1993 4058 2390 4131 maximam
2436 4069 2725 4153 partem

629 4169 1225 4266 propositionum
1259 4192 1423 4265 quae
1451 4167 1870 4265 dependent
1902 4194 1948 4243 a
1973 4195 2187 4268 prop.
2215 4174 2339 4259 47,
2365 4171 2598 4244 Elem.
2622 4170 2727 4258 iii,

637 4283 844 4375 (sunt
876 4295 1126 4357 autem
1160 4284 1445 4377 multae)
1486 4281 1820 4356 nondum
1855 4308 2014 4357 esse
2050 4284 2655 4360 demonstratam.

1266 4471 1299 4506 ⁴⁸
1349 4469 1447 4531 Sic
1475 4471 1614 4530 edit.
1655 4473 1806 4530 1666
1835 4480 1896 4530 et
1930 4474 2100 4531 1668.
