3094 5125
725 491 870 555 454
1033 504 1142 555 nn
1183 501 1646 555 ancn’ns
1688 501 1792 553 ET
1829 500 2592 553 RA‘rrocrNArroNE

340 698 475 739 cn.
499 699 655 739 xxn.
821 671 955 744 Est
987 694 1165 767 ergo
1202 694 1418 743 arcus
1445 670 1547 744 Ba
1575 668 1790 743 datus
1816 668 2093 741 divisus
2118 668 2494 741 trifariam
2531 691 2589 740 a
2625 669 2922 740 rectis

358 770 640 873 ,ζ’,ζζζζζ
727 784 855 874 Re,
878 786 996 858 Re.
1048 783 1328 857 Eodem
1362 783 1584 857 modo
1612 795 1863 879 potest
1896 805 2110 855 arcus
2144 806 2297 855 non
2335 782 2592 877 major
2622 804 2912 877 quam

358 894 527 952 ⁸⁰⁸¹¹¹³·
725 923 939 973 arcus
977 898 1126 984 BG,
1165 896 1392 969 dividi
1428 895 2000 993 quinquifariam
2033 895 2217 967 vel
2197 919 2277 968 1n
2314 894 2625 968 ratione
2661 918 2907 990 qua-

727 1035 1017 1108 cunque
1053 1011 1249 1084 data.
1355 1012 1566 1084 Sicut
1606 1010 1827 1083 etiam
1873 1032 2089 1082 arcus
2134 1010 2374 1105 major
2407 1031 2647 1105 quam
2692 1009 2892 1096 BG,

727 1125 789 1197 si
848 1125 1219 1197 bisecetur
1272 1122 1510 1197 donec
1556 1146 1726 1219 pars
1761 1123 1921 1219 ejus
1956 1122 2198 1195 minor
2241 1122 2339 1194 sit
2378 1146 2612 1219 quam
2655 1122 2826 1196 BG
2859 1152 2882 1195 ε

727 1260 991 1332 nempe
1025 1249 1314 1332 partem
1349 1237 1727 1309 inventam
1766 1235 2209 1332 duplicando
2255 1235 2486 1309 toties
2534 1236 2878 1331 quoti&

729 1349 943 1423 datus
977 1350 1298 1423 bisectus
1333 1349 1598 1423 fuerat.

825 1463 1201 1559 Angulum
1224 1486 1401 1558 ergo
1429 1463 1507 1535 in
1532 1463 1819 1536 ratione
1843 1462 2015 1535 data
2043 1461 2426 1534 divisimus
2453 1490 2474 1534 ε
2506 1472 2586 1535 et
2612 1485 2874 1559 prop·

726 1586 953 1666 terea,
991 1577 1217 1650 etiam
1264 1577 1819 1673 proportionem
1874 1576 2125 1649 datam
2182 1574 2518 1649 dividere
2580 1577 2866 1649 docui·

727 1714 888 1763 mus
956 1692 1035 1763 in
1100 1702 1346 1786 partes
1413 1691 1732 1786 aequales
1791 1702 2260 1787 quotcunque
2320 1689 2861 1787 requirentur.

730 1804 961 1901 quue
995 1804 1344 1878 methodo
1373 1804 1579 1878 brevi
1607 1815 1683 1877 et
1715 1804 2126 1900 perspicua.

1501 2388 1710 2462 CAP.
1748 2389 2040 2462 XXIII.

730 2568 838 2619 nu
895 2567 1432 2625 QUANTITATE
1490 2566 1776 2618 REGTAE
1834 2567 2323 2620 COMPOSITAE
2381 2568 2496 2618 Ex
2554 2566 2829 2618 RAmo

830 2680 1172 2731 clncum
1229 2680 1331 2730 ET
1384 2678 1829 2731 TANGEN‘rn
1886 2669 1981 2734 30
2029 2682 2474 2735 GRADUUM.
2580 2680 2827 2747 ῙΤΕΜ,

831 2791 1290 2844 ΒυΒιΤΑΤιο
1332 2792 1603 2844 SUPER
1641 2792 1879 2844 PROP.
1912 2776 2032 2855 47.
2065 2795 2318 2847 ELEM.
2350 2796 2406 2862 1,
2436 2794 2616 2845 Ere.

734 2938 1280 3012 QUADRATUM
1318 2946 1541 3008 rectae
1577 2936 2001 3032 compositae
2036 2961 2127 3010 ex
2177 2938 2386 3011 radio
2441 2935 2693 3010 circuli
2738 2948 2821 3008 et

728 3060 1084 3146 tangente
1138 3072 1352 3122 arcus
1406 3057 1504 3122 30
1558 3049 1944 3144 graduum,
2000 3062 2112 3123 est
2154 3050 2252 3123 ad
2298 3050 2732 3146 quadratum
2765 3072 2816 3121 a

728 3163 958 3250 radio,
996 3176 1079 3235 ut
1116 3162 1371 3236 decem
1405 3161 1503 3234 ad
1538 3177 1880 3258 quatuor.

829 3276 942 3348 Sit
976 3275 1223 3348 radius
1259 3274 1513 3348 circuli
1535 3276 1692 3362 AB,
1716 3277 1924 3372 cujus
1945 3276 2386 3373 quadratum
2406 3276 2505 3348 sit
2525 3274 2801 3349 ABCD.

728 3387 1061 3460 Ducatur
1084 3411 1297 3461 arcus
1324 3387 1480 3476 BD,
1504 3388 1630 3482 qui
1652 3399 1765 3460 est
1786 3389 2158 3484 quadrans
2185 3389 2441 3462 circuli
2465 3387 2801 3483 descripti

728 3501 821 3573 ab
860 3500 1012 3573 ΑΒ.

832 3615 1138 3689 Secetur
1177 3612 1624 3708 quadratum
1658 3613 1923 3686 ABCD
1977 3612 2057 3685 in
2106 3626 2424 3709 quatuor
2457 3613 2799 3710 quadrata

725 3727 1035 3824 aequalia
1067 3750 1112 3800 a
1135 3725 1358 3798 rectis
1398 3726 1545 3815 EF,
1575 3725 1740 3815 GH,
1775 3726 2192 3799 secantibus
2228 3750 2307 3799 se
2343 3740 2600 3801 mutuo
2636 3727 2706 3799 in
2736 3726 2790 3799 Ι.

727 3842 945 3915 Secet
1002 3850 1249 3912 autem
1310 3837 1449 3910 GH
1512 3862 1767 3911 arcum
1825 3838 1957 3912 BD
2019 3838 2095 3912 in
2156 3840 2270 3911 K:
2315 3841 2794 3937 jungaturque

724 3965 931 4026 recta
961 3952 1124 4040 AK,
1154 3950 1749 4047 producaturque
1785 3950 1881 4025 ad
1917 3951 2044 4025 BC
2078 3953 2155 4025 in
2181 3952 2283 4025 L:
2321 3953 2465 4026 erit
2503 3953 2627 4026 BL
2653 3966 2789 4025 tan·

722 4090 909 4163 gens
947 4075 1043 4140 30
1078 4064 1466 4162 graduum.

824 4179 1079 4252 Rectae
1130 4178 1255 4250 BL
1310 4174 1702 4271 adjiciatur
1753 4177 1832 4249 in
1888 4176 2250 4252 directum
2306 4179 2476 4266 LM,
2515 4176 2786 4274 aequalis

727 4291 872 4365 BC.
1000 4292 1164 4364 Erit
1213 4313 1391 4386 ergo
1447 4300 1611 4362 tota
1646 4290 1792 4363 ΒΜ
1843 4291 2255 4387 composita
2297 4316 2388 4366 ex
2438 4291 2563 4366 BC
2604 4290 2783 4366 radio

725 4405 1005 4493 circuli,
1041 4418 1118 4479 et
1155 4404 1298 4478 CM
1335 4415 1686 4500 tangente
1724 4413 1819 4480 30
1854 4404 2242 4500 graduum.
