3094 5125
646 406 790 485 376
1091 425 1204 478 na
1243 424 1852 478 MAGNITUDINE
1894 422 2259 479 cmcum.

243 617 432 659 nor.
463 620 566 661 xv.
632 592 983 690 quadrati
1018 603 1095 666 et
1129 594 1385 668 circuli
1420 593 1848 692 aeq'ualibuS.
1950 595 2082 669 Sin
2116 594 2487 669 dictorum
2516 589 2785 667 'trila-

643 719 970 780 terorum
1005 707 1439 781 alterutrum
1473 708 1707 783 altero
1743 709 1980 805 majus
2020 708 2143 798 sit,
2197 707 2512 781 circulus
2545 730 2783 803 qua-

635 821 861 894 drato
895 820 1288 917 inaequalis.
1309 822 1469 894 erit.

748 935 1260 1031 Supponamus
1296 958 1472 1031 ergo
1492 993 1495 996 .
1513 933 1924 1008 trilaterum
1962 934 2262 1028 quidem
2296 943 2778 1007 contentum

646 1048 928 1121 duabus
963 1047 1182 1120 rectis
1215 1047 1368 1137 ΑΕ,
1408 1047 1545 1121 AR
1579 1058 1656 1120 et
1689 1072 1866 1120 arcu
1903 1047 2035 1121 ER
2067 1048 2304 1143 majus
2341 1070 2500 1120 esse
2524 1046 2777 1120 trila—

645 1173 805 1234 tero
838 1162 1044 1249 EFT,
1082 1171 1430 1234 contento
1492 1160 1775 1235 duabus
1822 1161 2046 1233 rectis
2080 1161 2227 1250 EF,
2263 1161 2405 1250 FT,
2441 1173 2519 1233 et
2548 1182 2771 1233 arcu

647 1275 819 1347 ET:
872 1274 979 1347 illi
1024 1285 1268 1347 autem
1322 1273 1604 1370 aequale
1656 1297 1815 1346 esse
1868 1275 2285 1347 trilaterum
2320 1275 2516 1361 Aer,
2552 1296 2771 1346 con-

647 1399 935 1461 tentum
972 1386 1253 1460 duabus
1287 1387 1506 1461 rectis
1530 1388 1671 1476 Ae,
1699 1388 1821 1459 Ar
1845 1400 1921 1460 et
1947 1412 2125 1461 arcu
2150 1411 2271 1461 re.
2355 1386 2517 1460 Erit
2552 1410 2760 1483 ergo

648 1512 852 1573 recta
886 1500 1015 1572 ΑΕ
1054 1502 1290 1596 major
1324 1523 1541 1597 quam
1580 1501 1724 1588 Ae,
1760 1513 1836 1573 et
1873 1501 2010 1574 AR
2042 1501 2281 1596 major
2328 1524 2547 1597 quam
2581 1500 2750 1572 Ar.

649 1615 744 1688 Et
777 1625 982 1687 recta
1019 1613 1152 1685 Hr
1186 1614 1419 1709 major
1468 1636 1689 1709 quam
1736 1613 1897 1701 HT,
1934 1625 2010 1686 et
2071 1638 2286 1687 arcus
2347 1614 2604 1687 circuli
2639 1638 2759 1687 re

648 1752 799 1800 non
832 1728 1069 1824 major
1103 1751 1322 1823 quam
1357 1749 1571 1799 arcus
1607 1726 1757 1799 RE.
1865 1728 2102 1800 Arcus
2153 1738 2404 1801 autem
2428 1751 2527 1800 re
2558 1751 2749 1822 pro-

649 1842 961 1914 ducatur
996 1840 1229 1914 donec
1264 1853 1605 1913 occurrat
1639 1838 2019 1936 productae
2056 1841 2197 1914 HT
2222 1841 2299 1913 in
2327 1851 2381 1913 t.
2473 1840 2749 1936 Itaque

647 1954 1059 2028 trilaterum
1095 1965 1526 2026 contentum
1558 1952 1839 2026 duabus
1874 1953 2096 2026 rectis
2119 1953 2251 2041 eF,
2279 1954 2403 2043 Ft,
2440 1964 2517 2026 et
2551 1977 2746 2026 arcu

648 2076 754 2155 et,
790 2068 1022 2140 multo
1074 2068 1310 2163 major
1369 2066 1508 2139 erit
1565 2091 1783 2162 quam
1834 2066 2245 2140 trilaterum
2295 2077 2742 2140 contentum

652 2181 933 2253 duabus
986 2181 1209 2253 rectis
1245 2181 1388 2269 EF,
1428 2181 1567 2269 FT,
1605 2193 1682 2253 et
1717 2205 1894 2254 arcu
1926 2182 2071 2253 ET.
2181 2181 2431 2257 Quare
2485 2193 2743 2255 sector

652 2295 828 2366 Hrt
861 2295 1087 2368 totius
1121 2295 1375 2367 circuli
1409 2318 1578 2389 pars
1615 2306 1878 2367 octava
1930 2308 2230 2391 superat
2280 2296 2737 2392 triangulum

650 2408 881 2497 AHF,
917 2420 1252 2480 octavam
1301 2419 1586 2503 partem
1639 2406 1978 2502 quadrati
2011 2409 2306 2498 ABCD‚
2342 2408 2736 2505 plusquam

651 2520 1099 2615 triangulum
1132 2518 1343 2593 AHT
1389 2530 1777 2616 superatur
1827 2544 1871 2593 a
1917 2534 2203 2595 sectore
2238 2522 2495 2596 eodem
2532 2522 2731 2596 Hrt.

650 2632 985 2705 Circulus
1015 2656 1190 2728 ergo
1225 2655 1357 2728 per
1384 2655 1449 2721 r,
1474 2657 1538 2720 e,
1568 2641 1599 2704 t
1631 2635 1866 2729 major
1899 2646 2010 2706 est
2036 2658 2254 2730 quam
2291 2637 2734 2732 quadratum

649 2745 942 2817 ABDC.
998 2746 1349 2819 Similiter
1376 2746 1663 2819 ostendi
1689 2759 1957 2843 potest,
1995 2748 2054 2819 si
2091 2748 2503 2822 trilaterum
2528 2750 2736 2823 AER

648 2872 1047 2954 poneretur
1099 2859 1340 2932 minus
1377 2883 1534 2933 esse
1571 2860 1903 2933 trilatero
1938 2862 2121 2934 EFT
2155 2873 2229 2935 et
2271 2863 2438 2958 (per
2474 2886 2734 2936 conse-

651 2973 914 3068 quens)
960 2972 1091 3044 Ην
1123 2972 1365 3046 minor
1396 2997 1618 3069 quam
1657 2973 1826 3063 HR,
1876 2973 2230 3046 circulum
2280 2974 2732 3070 descriptum

649 3086 857 3159 radio
898 3087 1028 3159 Hr
1059 3087 1419 3159 minorem
1476 3086 1634 3160 fore
1697 3111 1918 3183 quam
1971 3087 2411 3184 quadratum
2438 3088 2729 3162 ABDC.

652 3200 843 3272 Sunt
903 3224 1078 3296 ergo
1133 3201 1442 3294 aequalia
1502 3200 1698 3273 inter
1744 3224 1822 3274 se
1863 3201 2302 3297 quadratum
2336 3201 2603 3274 ABDC
2653 3214 2734 3275 et

649 3312 964 3384 circulus
1020 3314 1227 3408 cujus
1287 3313 1828 3387 semidiameter
1879 3327 1989 3389 est
2047 3315 2221 3387 HR.
2322 3316 2514 3389 Dato
2550 3338 2730 3412 ergo

650 3424 1006 3521 quadrato
1042 3425 1356 3500 circulus
1392 3427 1732 3500 inventus
1768 3438 1878 3501 est
1910 3427 2237 3526 aequaliS.

1327 3650 1815 3702 PRoPosl'rlo
1866 3650 2045 3702 XVI.

745 3765 939 3838 Dato
978 3763 1252 3837 circulo
1290 3766 1570 3862 aequale
1602 3767 1930 3839 invenire
1964 3766 2429 3863 quadratum.

748 3877 1039 3951 Circulo
1073 3902 1205 3975 per
1240 3878 1329 3966 R,
1358 3880 1443 3967 T,
1470 3880 1519 3952 S
1557 3880 2075 3953 inveniendum
2109 3882 2205 3954 sit
2237 3881 2515 3977 aequale
2550 3905 2731 3978 qua-

650 3993 983 4065 dratum:
1036 3992 1132 4064 sit
1178 3991 1392 4063 datus
1441 3993 1757 4065 circulus
1807 4017 1939 4088 per
1984 3995 2078 4081 R,
2097 3995 2183 4082 T,
2207 3994 2293 4068 G.
2397 3994 2734 4067 Ducatur

646 4129 778 4202 per
830 4105 894 4177 T
951 4104 1146 4178 latus
1197 4128 1429 4177 unum
1463 4105 1802 4201 quadrati
1855 4106 2071 4197 illius,
2120 4107 2320 4204 quod
2372 4106 2730 4180 circulum

644 4218 1202 4308 circumscribit,
1230 4241 1492 4314 nempe
1512 4218 1679 4308 XV,
1704 4217 2217 4317 dividaturque
2236 4221 2365 4294 TV
2390 4219 2727 4294 bifariam
