3094 5125
593 467 738 533 358
1137 481 1693 534 PnoaLaMA‘rA
1732 484 2116 537 PanmA.

224 675 358 716 clu».
388 675 495 716 vn.
592 647 748 721 diat
793 647 1221 744 magnitudo
1276 650 1645 746 ponderiS‚
1700 652 2222 727 admoveatur:
2275 663 2673 749 propterea

164 806 372 849 „mom
392 820 487 863 Im,
592 760 788 858 quod
825 773 1063 835 motus
1099 786 1375 852 eorum,
1413 763 1590 838 dum
1645 766 1839 840 inter
1871 790 1949 841 se
1999 765 2298 855 distant,
2334 776 2670 864 tempore

161 871 449 929 P⁸”‘¹³⁰¹¹¹¹²¹⁵2
480 876 566 917 ²⁶⁰·
592 875 1009 949 differentes
1069 900 1146 949 se
1204 890 1461 952 mutuo
1514 892 1786 975 cogent
1843 878 1938 954 ad
1990 893 2324 953 centrum
2369 878 2671 974 aliquod

591 1012 999 1063 commune.
1089 988 1308 1064 Quod
1336 991 1398 1063 si
1421 990 1698 1065 ferrum
1725 992 1820 1065 ad
1846 1005 2264 1088 magnetem
2290 990 2667 1075 ascendat,

590 1127 774 1200 opus
809 1104 953 1176 erit
985 1115 1071 1177 ut
1116 1114 1245 1178 aut
1299 1106 1576 1201 majore
1609 1106 1707 1195 vi,
1743 1118 1873 1180 aut
1918 1108 2195 1204 majore
2240 1104 2670 1203 propinqui-

589 1228 765 1305 tate,
819 1216 1105 1313 pondus
1150 1216 1326 1290 ferri
1374 1217 1559 1314 lapis
1593 1219 1879 1304 vincat;
1932 1231 2111 1293 tune
2174 1242 2347 1292 vero
2390 1218 2667 1292 ferrum

590 1330 686 1403 ad
735 1343 1149 1426 magnetem
1206 1331 1482 1404 assiliet
1534 1343 1745 1406 tanta
1791 1333 2200 1421 velocitate,
2252 1344 2531 1427 quanta
2570 1332 2666 1404 ab

591 1444 846 1517 eadem
901 1442 1285 1517 altitudine
1339 1444 1816 1519 descenderet
1859 1444 1953 1519 ad
2007 1458 2302 1519 terram.
2409 1444 2556 1519 Sed
2603 1445 2669 1518 si

589 1570 748 1630 tum
784 1556 967 1654 lapis
999 1568 1158 1630 tum
1192 1557 1464 1631 ferrum
1503 1581 1722 1655 super
1757 1582 2021 1655 aquam
2058 1570 2285 1647 natet,
2320 1557 2668 1632 attractio

591 1670 894 1744 visibilis
949 1671 1089 1743 erit
1133 1671 1207 1743 in
1258 1671 1531 1767 majore
1590 1670 1979 1744 distantia:
2033 1683 2423 1768 propterea
2470 1670 2668 1767 quod

590 1783 1196 1880 impedimentum
1254 1783 1451 1880 quod
1512 1796 1625 1857 est
1693 1783 1768 1856 in
1824 1783 2147 1880 pondere
2207 1784 2670 1880 aliquatenus

589 1908 1031 1970 removetur.

690 2010 785 2084 A.
839 2010 1055 2083 Unde
1101 2020 1212 2084 est
1246 2008 1443 2107 quod
1491 2033 1793 2107 magnes
1846 2008 2022 2083 dum
2057 2021 2262 2083 natat
2309 2033 2457 2083 non
2509 2009 2670 2107 qui-

595 2125 798 2212 escit,
836 2123 1071 2196 donec
1105 2146 1182 2196 se
1227 2124 1531 2219 praecise
1576 2124 1651 2195 in
1696 2122 2101 2196 meridiano
2148 2122 2667 2196 collocaverit?

697 2237 792 2309 B.
847 2237 1018 2309 Non
1073 2261 1149 2309 se
1203 2260 1489 2333 semper
1549 2235 1864 2308 collocat
1914 2237 1990 2309 in
2050 2236 2476 2325 meridian0‚
2537 2235 2666 2310 sed

592 2352 860 2447 ubique
893 2349 1046 2422 fere
1083 2372 1252 2422 cum
1287 2348 1702 2422 deviatione
1737 2348 2003 2443 aliqua.
2076 2348 2388 2423 Causam
2423 2362 2668 2423 autem

594 2487 751 2537 esse
806 2474 1009 2558 put0,
1059 2461 1256 2557 quod
1311 2461 1467 2533 axis
1524 2474 1767 2535 motus
1825 2463 2223 2557 magnetici
2279 2463 2669 2560 parallelus

595 2601 883 2671 semper
933 2588 1047 2648 est
1086 2576 1207 2647 axi
1253 2575 1655 2671 eclipticae:
1710 2577 2078 2665 nimirum,
2116 2577 2239 2650 axi
2293 2590 2537 2651 motus
2571 2578 2667 2651 si-

594 2690 783 2762 milis
818 2690 894 2761 in
928 2699 1149 2773 terra,
1186 2700 1396 2761 extra
1433 2712 1650 2784 quem
1684 2689 1903 2763 situm
1936 2702 2143 2764 motu
2178 2713 2310 2764 suo
2344 2691 2671 2788 gaudere

595 2827 744 2876 uon
769 2813 1036 2899 potest.

692 2916 791 2988 A.
846 2915 1256 2995 consensus
1292 2928 1625 2991 motuum
1659 2918 1736 2991 in
1772 2931 1970 2991 terra
1996 2929 2073 2991 et
2102 2932 2445 3015 magnete
2472 2917 2671 2992 unde

594 3028 879 3104 oritur?
1002 3029 1293 3103 Credin'
1351 3030 1491 3103 illis
1545 3031 1669 3127 qui
1728 3042 1999 3103 terram
2052 3029 2257 3103 aliud
2310 3054 2459 3105 non
2509 3055 2668 3106 esse

597 3144 876 3230 dicunt,
912 3166 1128 3239 quam
1163 3167 1513 3240 magnum
1546 3141 2020 3239 magnetem?

695 3255 789 3329 B.
846 3256 1245 3345 GilbertuS,
1283 3280 1534 3330 eorum
1563 3258 1687 3352 qui
1725 3256 1814 3329 de
1850 3270 2191 3352 magnete
2219 3258 2671 3354 scripserunt

594 3369 1069 3466 probabiliter
1120 3370 1423 3465 primuS,
1457 3370 1562 3442 sic
1613 3371 1921 3466 putavit.
2046 3369 2416 3443 Cartesius
2462 3370 2668 3444 tellu-

600 3507 752 3556 rem
780 3481 1105 3578 ejusdem
1133 3493 1417 3556 naturae
1440 3507 1599 3556 esse
1619 3484 1904 3556 censuit
1928 3506 2095 3556 cum
2117 3484 2402 3557 caeteris
2424 3484 2669 3573 astris,

605 3598 941 3691 (excepta
986 3616 1269 3667 summa
1307 3596 1462 3689 ejus
1509 3595 1753 3668 scabie
1798 3620 1950 3669 non
1985 3595 2197 3669 valde
2243 3596 2669 3692 profunda),

600 3726 677 3784 et
742 3707 1265 3806 splendescere.
1390 3708 1550 3804 Ego
1620 3708 1802 3782 nihil
1872 3709 2164 3782 definio.
2296 3709 2672 3804 Magnetis

599 3834 846 3896 autem
877 3822 1228 3894 virtutem
1262 3819 1436 3892 oriri
1485 3820 1708 3893 credo
1759 3822 1851 3893 ab
1905 3821 2164 3894 habitu
2217 3821 2293 3893 in
2341 3821 2498 3916 ipsa
2544 3822 2670 3894 mi·

599 3961 779 4009 nera
820 3933 1242 4029 longissimo
1294 3945 1624 4030 tempore
1668 3935 2051 4030 acquisit0,
2090 3949 2393 4031 propter
2450 3937 2670 4009 situm

600 4050 676 4122 in
731 4050 973 4144 aliquo
1027 4045 1453 4136 meridiam,
1504 4048 1618 4120 vel
1671 4050 1913 4144 potius
1967 4049 2044 4121 in
2096 4050 2336 4147 aliquo
2392 4050 2666 4146 circulo

599 4163 915 4236 maximo
963 4185 1215 4234 eorum
1249 4161 1373 4256 qui
1421 4173 1807 4234 transeunt
1853 4185 1984 4257 per
2032 4162 2239 4258 polos
2286 4161 2670 4259 eclipticae,

600 4277 725 4369 qui
760 4275 905 4372 poli
958 4274 1178 4347 iidem
1229 4284 1399 4346 sunt
1446 4297 1614 4346 cum
1650 4273 1835 4371 polis
1884 4286 2123 4348 motus
2169 4275 2420 4349 similis
2454 4299 2669 4373 quem

599 4390 675 4461 in
711 4401 907 4462 terra
940 4389 1468 4486 supposuimus.
