3094 5125
1134 525 1239 575 na
1280 526 1618 579 NATURA
1659 527 1928 579 Annis.
2422 514 2559 582 261

583 683 681 758 B.
738 688 886 761 Sed
930 691 1298 786 quomodo
1352 707 1659 788 possunt
1705 693 1894 766 ictus
1954 694 2057 768 illi
2115 695 2290 768 satis
2340 695 2568 770 fortes

484 820 638 871 esse
685 801 780 874 ad
835 827 1077 876 aerem
1129 807 1661 893 incutiendum,
1699 832 1863 880 cum
1911 820 2160 881 suctor
2196 809 2362 882 talis
2413 829 2569 883 esse

483 910 744 987 debeat
784 927 870 987 ut
903 930 1232 990 ventrem
1273 920 1713 992 anteriorem
1751 921 2135 1017 adaequate
2171 922 2473 1018 impleat
2503 923 2527 995 ?

580 1027 676 1099 A.
734 1029 865 1102 Est
918 1030 995 1102 in
1056 1045 1349 1105 suctore
1407 1032 1591 1128 ipSO,
1627 1046 1712 1106 ut
1757 1034 1974 1121 nosti,
2021 1034 2353 1108 foramen
2398 1060 2567 1109 cum

479 1138 789 1230 valvula,
852 1168 1017 1239 quae
1071 1145 1382 1230 valvula‚
1440 1146 1616 1219 dum
1677 1147 2079 1220 retrahitur
2136 1162 2407 1239 suetor,
2472 1150 2565 1223 ab

479 1275 644 1325 aere
702 1266 1007 1329 externo
1055 1258 1269 1332 facile
1316 1260 1669 1355 aperitur.
1773 1260 1875 1333 At
1925 1259 2100 1332 dum
2136 1262 2563 1358 impellitur,

476 1368 802 1462 aperitur
835 1370 960 1443 illa
994 1372 1284 1444 valvula
1319 1397 1484 1469 quae
1519 1384 1629 1446 est
1665 1372 1740 1445 in
1772 1375 2144 1446 ventrium
2180 1376 2565 1449 amborum

478 1483 976 1557 commissura.

578 1595 676 1668 B.
732 1597 1039 1670 Memini
1095 1598 1201 1670 ita
1256 1622 1435 1671 esse.
1541 1598 1702 1671 Nec
1753 1599 2008 1672 dubito
2048 1599 2222 1696 quin
2259 1602 2564 1674 effectus

476 1707 667 1782 illius
702 1733 950 1782 veram
977 1712 1415 1807 unicamque
1450 1736 1744 1784 causam
1783 1712 2191 1799 reddidisti,
2222 1714 2564 1787 eandem-

477 1845 615 1916 que
653 1848 817 1918 quae
855 1825 1221 1898 mirabiles
1258 1824 1422 1897 illos
1451 1825 1526 1896 in
1566 1824 1905 1896 machina
1933 1838 2188 1896 nostra
2214 1827 2566 1899 excitavit

476 1949 716 2008 motus
752 1938 963 2010 aeris,
1071 1940 1311 2013 Quam
1366 1952 1615 2010 autem
1671 1938 1863 2009 illius
1916 1938 2218 2010 effectus
2266 1962 2564 2012 causam

478 2051 706 2122 nostri
761 2051 1079 2124 reddunt
1113 2052 1229 2124 vel
1276 2051 1639 2124 reddituri
1696 2063 1868 2124 sunt
1930 2052 2201 2124 nescio,
2312 2052 2563 2126 Redeo

477 2185 724 2237 rursus
768 2164 862 2238 ad
910 2166 1411 2263 experimenta
1465 2165 1824 2238 machinae
1870 2178 2166 2237 nostrae.
2271 2165 2567 2261 Appen-

478 2274 664 2348 dunt
699 2278 774 2350 in
809 2279 1096 2352 bilance
1139 2280 1231 2353 ad
1281 2304 1508 2352 unum
1567 2279 1772 2351 librae
1826 2278 2206 2351 brachium
2247 2278 2565 2350 vesicam

478 2390 852 2476 inflatam;
905 2393 999 2465 ad
1039 2394 1374 2481 alterum,
1414 2393 1690 2490 plumbi
1729 2404 2015 2466 tantum
2052 2405 2138 2464 ut
2171 2392 2302 2463 fiat
2336 2390 2564 2487 aequi-

475 2502 816 2578 librium:
871 2519 946 2579 et
990 2506 1390 2581 demittunt
1425 2508 1501 2580 in
1552 2505 1912 2602 recipiens
1955 2505 2059 2578 ita
2105 2516 2191 2578 ut
2244 2503 2564 2600 pendeat

477 2618 567 2689 ab
605 2621 975 2715 opercula
1078 2621 1412 2694 Vidimus
1458 2632 1729 2707 autem,
1788 2631 2054 2692 exucto
2121 2643 2311 2706 aere,
2371 2642 2561 2714 prae-

477 2729 884 2823 ponderare
921 2733 1260 2806 vesicam.
1368 2734 1824 2806 Ponderatur
1866 2756 2043 2828 ergo
2101 2756 2227 2804 aer
2286 2731 2561 2803 in‘loeo

476 2865 731 2933 vacuo,
762 2857 837 2918 et
873 2869 1003 2941 per
1039 2870 1491 2942 consequens
1523 2871 1569 2918 a
1592 2845 2275 2942 praeponderatione
2303 2844 2563 2916 vesicae

478 2958 929 3031 concludunt
961 2958 1399 3054 gravitatem
1455 2961 1611 3055 ejus
1660 2983 1819 3032 esse
1874 2958 2217 3053 aliquam.
2320 2957 2561 3029 Etiam

477 3084 752 3165 quanta
786 3072 910 3145 illa
944 3086 1077 3162 est,
1115 3072 1580 3168 aliquatenus
1617 3071 2061 3165 intelligunt.

576 3185 675 3257 A.
732 3185 956 3259 Quod
989 3186 1282 3282 quidem
1321 3185 1513 3273 lanx,
1552 3185 1626 3256 in
1677 3208 1822 3279 qua
1865 3196 1978 3254 est
2021 3182 2279 3270 vesica,
2330 3182 2562 3278 magis

477 3296 912 3394 deprimitur
959 3323 1177 3395 quam
1226 3299 1477 3386 altera,
1530 3297 1714 3370 certi
1763 3320 1919 3368 esse
1960 3310 2293 3391 possunt,
2334 3296 2563 3368 oeulis

478 3412 809 3485 testibus.
917 3413 1134 3487 Quod
1173 3423 1420 3484 autem
1456 3410 1529 3483 id
1566 3436 1611 3483 a
1636 3410 1997 3506 gravitate
2027 3409 2215 3480 aeris
2246 3409 2563 3481 naturali

479 3525 769 3613 accidit,
809 3528 993 3598 certi
1040 3550 1196 3598 esse
1239 3550 1386 3597 non
1440 3535 1791 3620 possunt;
1845 3523 2252 3618 praesertim
2302 3522 2361 3594 si
2398 3546 2563 3617 quae

480 3638 576 3710 sit
630 3640 1011 3734 gravitatis
1072 3663 1291 3712 causa
1352 3638 1695 3725 efficienS,
1756 3636 2116 3709 nesciunt.
2249 3636 2561 3709 Causam

479 3765 725 3824 autem
760 3753 1144 3848 gravitatis
1181 3775 1574 3848 quamnam
1609 3750 1987 3845 assignant
2017 3748 2042 3821 ἓ

581 3863 678 3936 Β.
734 3866 1028 3938 Nullam
1066 3866 1329 3952 adhuc,
1367 3866 1495 3937 sed
1539 3888 1673 3960 per
1708 3864 2286 3960 experimentum
2324 3861 2563 3956 ipsum

479 3975 673 4049 illam
718 3990 1077 4073 quaerunt.
1186 3979 1556 4052 Quoniam
1609 3991 1857 4050 autem
1894 3976 2159 4062 vesica,
2210 3973 2349 4044 etsi
2411 3997 2564 4045 non

478 4091 1017 4186 praeponderat,
1090 4091 1482 4187 propendit
1568 4101 1839 4177 tamen,
1903 4085 2204 4160 ostende
2260 4098 2565 4181 propter

482 4226 698 4297 quam
735 4228 1028 4276 eausam
1061 4205 1476 4300 propendit.

578 4315 670 4388 A.
728 4316 948 4391 Quod
1021 4318 1282 4406 vesica,
1365 4318 1515 4390 sive
1584 4315 1876 4388 follibus
1945 4312 2095 4384 sive
2164 4311 2346 4382 flatu
2417 4310 2565 4382 oris

483 4426 801 4502 distenta
852 4429 971 4518 sit,
1028 4430 1323 4524 gravior
1381 4430 1475 4502 sit
1523 4453 1741 4524 quam
1805 4425 2059 4498 eadem
2117 4423 2362 4496 vesica
2416 4448 2561 4497 non
