3094 5125
568 449 711 516 332
1119 461 1681 516 PRoBLnMA'rA
1719 460 2105 515 Pursch.

210 657 346 698 ou».
377 658 461 699 1v.
565 624 689 697 ille
723 645 920 696 nunc
954 648 1000 696 a
1021 624 1097 697 vi
1118 624 1514 699 collisionis
1550 624 1804 698 oritur.
1860 623 2054 698 Nam
2090 624 2655 698 scintillulamm

221 789 291 832 D„
311 788 379 833 ω,
409 803 457 833 m
566 738 857 811 illarum
912 762 1366 835 unaquaeque
1420 750 1535 812 est
1578 737 1975 812 frustulum
2025 739 2374 834 exiguum
2424 737 2657 834 ipsius

225 854 401 899 ⁰²¹⁰00·
567 851 853 946 lapidis,
889 863 966 924 et
997 853 1433 947 vertiginem
1487 875 1696 924 suam
1748 852 1989 925 fomiti
2045 862 2459 949 praeparato
2516 852 2655 924 im-

567 964 843 1060 primit.
909 963 1156 1061 Atque
1183 965 1327 1038 hoc
1354 964 1574 1038 modo
1599 976 2050 1061 propagatur
2075 966 2268 1062 ignis
2297 977 2656 1062 quantum

564 1078 926 1152 volumus.

668 1190 767 1264 A.
826 1192 994 1266 Quo
1046 1203 1266 1286 pacto
1328 1190 1695 1264 comburit
1745 1190 1991 1263 omnia
2047 1190 2201 1263 fere
2256 1191 2656 1264 combusti-

564 1304 744 1378 bilia
786 1305 915 1377 lux
949 1304 1230 1394 solariS‚
1265 1305 1383 1379 vel
1419 1329 1553 1400 per
1586 1303 2098 1376 refractionem
2135 1304 2215 1376 in
2248 1303 2440 1377 vitro
2476 1329 2655 1378 con-

568 1441 776 1505 vex0,
812 1418 928 1491 vel
961 1441 1096 1515 per
1128 1417 1625 1491 reflectionem
1662 1441 1708 1490 a
1738 1417 1930 1490 vitro
1960 1416 2331 1490 concavo?

668 1528 762 1601 B.
819 1532 1118 1604 Pressus
1165 1556 1211 1605 a
1244 1531 1398 1604 sole
1444 1555 1572 1603 aer
1606 1530 1873 1626 premit
1922 1532 2197 1603 vitrum
2244 1554 2649 1604 convexum

567 1641 698 1715 tali
732 1642 976 1732 modo,
1012 1656 1096 1718 ut
1144 1644 1337 1717 actio
1374 1643 1849 1716 continuetur
1883 1666 2018 1738 per
2063 1666 2329 1739 corpus
2365 1644 2537 1716 vitri
2572 1643 2651 1717 in

566 1756 763 1830 linea
794 1769 1019 1848 recta,
1056 1783 1207 1832 non
1254 1757 1512 1832 eadem
1558 1781 1725 1851 quae
1772 1780 1819 1829 a
1865 1756 2015 1829 sole
2061 1756 2158 1830 ad
2192 1758 2488 1843 vitrum,
2522 1757 2654 1830 sed

565 1883 917 1967 vergente
946 1872 1321 1968 aliquanto
1358 1870 1453 1944 ad
1480 1869 2084 1967 perpendiculum
2115 1899 2134 1952 ;
2172 1869 2439 1943 deinde
2473 1894 2656 1943 con-

564 1983 857 2057 tinuata
898 2007 1032 2080 per
1065 1983 1475 2081 oppositam
1510 1983 1835 2079 ejusdem
1864 1982 2037 2054 vitri
2072 1984 2535 2079 superficiem
2573 1985 2651 2057 in

566 2121 834 2186 aerem,
884 2097 1202 2195 divergit
1248 2121 1294 2170 a
1326 2095 1875 2194 perpendiculo.
1985 2095 2203 2169 Unde
2246 2097 2334 2171 fit
2368 2111 2454 2170 ut
2489 2109 2659 2171 tota

565 2211 763 2283 actio
807 2210 1105 2285 tandem
1140 2211 1217 2284 in
1252 2209 1745 2283 arctissimum
1783 2208 2101 2304 spatium
2136 2210 2645 2285 concludatur.

567 2323 827 2419 Itaque
877 2347 1177 2396 necesse
1237 2334 1370 2410 est,
1418 2333 1503 2395 ut
1532 2321 1593 2394 si
1641 2321 1719 2393 in
1771 2321 1896 2394 illo
1951 2321 2193 2418 spatio
2246 2324 2651 2397 collocetur

562 2437 872 2509 materia
906 2434 1460 2522 combustibiliS‚
1503 2456 1591 2506 ea
1624 2434 1716 2506 ab
1774 2434 2064 2508 actione
2117 2437 2349 2522 unita,
2385 2436 2463 2510 id
2514 2450 2649 2526 est,

561 2574 610 2623 a
653 2559 858 2622 motu
907 2546 1109 2623 facto
1169 2572 1302 2645 per
1356 2548 1954 2643 convergentiam
2005 2548 2650 2626 vehementissimo

564 2662 1062 2736 comburatur.

665 2775 947 2849 Eadem
995 2777 1184 2849 ratio
1240 2785 1351 2849 est
1397 2775 1923 2849 combustionis
1968 2800 2103 2872 per
2148 2776 2645 2851 reflexionem.

562 2889 758 2963 Nam
804 2889 908 2963 sic
945 2890 1169 2963 etiam
1217 2889 1411 2962 actio
1459 2901 1619 2964 tota
1665 2889 1745 2962 in
1795 2890 2287 2963 arctissimum
2329 2892 2649 2988 spatium

561 3002 961 3100 redigetur.
1067 3002 1214 3077 Sed
1262 3001 1354 3075 de
1399 3001 1512 3076 his
1562 3003 1782 3075 rebus
1831 3002 2062 3076 fusius
2108 3014 2182 3077 et
2228 3006 2647 3078 accuratius

560 3129 960 3192 tractatum
995 3129 1107 3191 est
1142 3118 1216 3190 in
1252 3116 1440 3189 libro
1478 3139 1697 3212 quem
1730 3115 2067 3212 inscripsi
2102 3115 2227 3189 De
2250 3116 2597 3190 Homine.

662 3230 760 3305 A.
816 3232 966 3305 Cur
999 3255 1148 3304 non
1183 3241 1428 3328 potest
1463 3254 1644 3320 esse,
1667 3241 1751 3303 ut
1786 3230 1896 3302 sol
1930 3229 2026 3303 sit
2051 3253 2317 3327 corpus
2345 3232 2645 3327 aliquod

559 3343 705 3416 tale
762 3345 976 3441 quale
1029 3368 1164 3418 nos
1217 3344 1437 3441 vulgo
1493 3343 1957 3417 nominamus
2010 3344 2282 3440 ignem,
2333 3358 2411 3418 et
2461 3345 2649 3418 radii

561 3456 717 3553 ejus
752 3457 1066 3531 transire
1103 3482 1235 3554 per
1268 3458 1439 3530 vitri
1472 3481 1717 3554 porOS,
1756 3481 1843 3529 eo
1881 3457 2099 3531 modo
2135 3470 2220 3530 ut
2253 3458 2330 3531 in
2365 3473 2646 3554 puncto

559 3571 678 3644 vel
709 3572 862 3645 fere
897 3584 1178 3667 puncto
1214 3570 1816 3667 conjungantur?

665 3686 764 3758 B.
818 3686 1018 3758 Num
1054 3684 1216 3758 dari
1240 3685 1507 3758 vitrum
1542 3695 1793 3781 potest
1828 3684 2026 3780 quod
2052 3684 2146 3756 sit
2173 3696 2414 3756 totum
2441 3686 2647 3781 pori?

565 3799 643 3873 Si
680 3800 825 3872 tale
860 3800 1130 3872 vitrum
1178 3798 1338 3872 dari
1383 3823 1531 3871 non
1578 3810 1849 3894 potest,
1887 3809 2047 3870 tum
2095 3798 2396 3870 effectus
2445 3798 2568 3871 ille
2603 3824 2652 3872 a

563 3914 880 3987 transitu
913 3912 1286 3986 radiorum
1322 3911 1494 3985 solis
1526 3936 1661 4009 per
1692 3936 1913 4008 poros
1945 3912 2120 3984 vitri
2155 3912 2463 4008 produci
2496 3937 2648 3986 non

559 4039 830 4122 potest.
931 4026 1197 4100 Vidisti
1232 4025 1537 4100 accendi
1584 4025 2121 4099 combustibilia
2170 4050 2303 4121 per
2345 4026 2646 4122 globum

562 4139 877 4214 solidum
904 4142 1241 4229 vitreum,
1265 4164 1721 4238 quaecunque
1758 4164 1926 4236 pars
1961 4141 2118 4235 ejus
2153 4139 2290 4213 soli
2313 4140 2653 4213 obverte-

560 4263 785 4325 retur.
892 4254 981 4328 Id
1016 4254 1215 4350 quod
1249 4253 1411 4326 fieri
1445 4277 1593 4327 non
1627 4264 1893 4350 potest,
1921 4252 2064 4325 nisi
2096 4252 2371 4326 vitrum
2407 4264 2648 4326 totum

560 4365 656 4439 sit
721 4366 905 4463 pori.
1031 4368 1398 4442 Praeterea
1453 4390 1694 4463 neque
1753 4390 1891 4462 ego
1950 4389 2190 4462 neque
2246 4377 2331 4439 tu
2399 4366 2648 4461 ignem
