3094 5125
710 470 856 538 518
1247 488 1836 548 ,Quanam-um
1877 490 2245 560 omnum,

279 677 363 728 AD
393 678 561 719 ruoz».
594 679 679 721 xx.
704 653 1031 729 numeris
1066 677 1216 729 non
1250 656 1709 747 examinabo,
1747 682 1918 731 cum
1952 658 2179 732 sciam
2215 681 2377 734 esse
2426 658 2803 733 incertum

343 751 621 785 '‘Y—⁸
704 768 800 845 ab
836 768 998 864 ipsa
1032 768 1450 842 tabularum
1486 770 2039 845 constructione
2072 771 2284 846 falsa.

1223 992 1335 1046 AD
1375 994 2067 1049 PROPOSITIONEM
2107 997 2269 1050 xu.

701 1161 707 1166 -
805 1110 1215 1206 Propositio
1249 1113 1350 1184 xii
1419 1124 1553 1201 est,
1622 1113 1824 1187 latus,
1883 1115 2053 1187 cubi
2119 1115 2426 1210 sphaerae
2480 1114 2807 1187 circum-

700 1223 961 1318 scripti
1013 1223 1347 1301 additum
1394 1226 1610 1299 lateri
1671 1227 1842 1300 cubi
1903 1229 1980 1300 in
2033 1227 2291 1301 eadem
2343 1229 2633 1324 sphaera
2680 1229 2806 1301 in-

705 1336 961 1431 scripti
1014 1350 1296 1410 rectam
1351 1340 1737 1412 constituit
1791 1340 2148 1436 aequalem
2208 1341 2805 1437 semiperimetro

702 1449 1002 1521 maximi
1039 1450 1120 1522 in'
1157 1450 1447 1546 sphaera
1480 1452 1759 1525 circuli.

700 1608 705 1623 ι
803 1561 1052 1660 Negat
1085 1566 1276 1636 hanc
1313 1589 1468 1638 esse
1496 1589 1792 1639 veram:
1831 1566 2003 1662 quia
2038 1565 2505 1662 quadratum,
2530 1566 2805 1663 inquit,

700 1700 748 1748 a
806 1675 935 1749 BG
989 1700 1139 1749 non
1196 1689 1309 1750 est
1368 1678 1670 1774 triplum
1726 1677 2066 1775 quadrati
2121 1702 2167 1751 a
2210 1679 2350 1768 Ga,
2402 1690 2807 1776 propterea

700 1789 900 1883 qnod
938 1789 1045 1860 Br
1077 1790 1443 1885 producta
1482 1815 1632 1863 non
1668 1790 2015 1862 transibit
2048 1814 2182 1885 per
2216 1815 2288 1863 a.

696 1938 704 1966 .-
804 1902 1001 1975 Huic
1044 1902 1437 1997 objectioni
1474 1927 1905 1999 responsum
1941 1904 2156 1976 estin
2191 1904 2665 2000 responsione
2695 1906 2804 1981 ad

697 2016 1151 2111 objectiones
1186 2017 1518 2113 proxime
1554 2017 1991 2112 superiores,

697 2196 705 2203 .
803 2129 1051 2226 Negat
1086 2130 1353 2204 deinde
1386 2143 1669 2204 rectam
1706 2131 1814 2203 As
1851 2129 2325 2204 transituram
2358 2154 2492 2226 per
2537 2154 2801 2206 omnes

696 2244 1255 2319 intersectiones
1310 2267 1526 2318 arcus
1594 2244 1702 2317 Zn
1763 2264 1930 2317 cum
1981 2243 2168 2327 Ist*
2213 2256 2400 2315 etc.:
2451 2268 2539 2316 eo
2591 2246 2799 2339 quod

696 2357 863 2446 AC,
900 2358 1057 2447 AY,
1093 2359 1243 2448 AZ,
1282 2357 1402 2431 Ab
1439 2369 1608 2448 etc.·,
1645 2382 1797 2431 non
1860 2370 2033 2430 sunt
2084 2357 2435 2430 continue
2484 2381 2799 2453 propor-

698 2469 1039 2543 tionaleS.

804 2582 952 2682 Sed
1010 2583 1595 2680 proportionales
1657 2605 1814 2656 esse
1875 2582 1971 2656 ad
2023 2606 2229 2680 prop.
2260 2607 2306 2656 v
2341 2583 2608 2656 iterum
2661 2583 2793 2657 de-

696 2708 1190 2772 monstratum
1248 2708 1384 2768 est.
1488 2696 1784 2769 Possem
1849 2697 2093 2784 etiam,
2154 2696 2216 2770 si
2268 2695 2532 2770 vellem
2599 2699 2795 2773 tanti

699 2831 943 2880 emere
1012 2806 1426 2896 maledicta,
1499 2805 2007 2882 demonstrare
2058 2808 2257 2906 quod
2308 2822 2516 2883 recta
2566 2809 2796 2886 ducta

697 2943 832 3016 per
867 2921 933 2994 D
971 2932 1046 2994 et
1081 2921 1151 2993 G
1186 2919 1529 2994 transiret
1566 2944 1698 3016 per
1730 2945 1795 3007 3,
1823 2934 2043 3018 atque
2079 2922 2376 2995 ductam
2414 2923 2516 2997 Bs
2549 2948 2798 3020 aequa·

695 3033 844 3106 lem
900 3057 1081 3132 esse)
1114 3046 1337 3108 rectae
1388 3034 1553 3108 ΥΘ..
1658 3035 1872 3124 Item,
1934 3048 2212 3108 rectam
2265 3036 2404 3109 AO
2471 3037 2794 3112 mediam

699 3170 858 3220 esse
926 3148 1554 3245 proportionalem
1615 3149 1818 3222 inter
1885 3161 2127 3223 totum
2194 3172 2448 3223 arcum
2518 3150 2644 3223 BC
2712 3164 2792 3227 et

693 3261 1085 3338 dimidium
1141 3262 1491 3358 ejusdem.
1601 3261 1747 3335 Sed
1792 3263 2127 3360 relinquo
2177 3263 2339 3337 haec
2389 3263 2790 3338 Professori

692 3377 1069 3450 *Saviliano
1105 3376 1702 3450 demonstranda.

802 3490 1111 3578 Quarto,
1147 3499 1371 3583 negat
1405 3489 1676 3562 cubum
1711 3512 1755 3561 a
1784 3488 1885 3561 Ze
1920 3488 2223 3584 duplum
2259 3511 2418 3562 esse
2469 3489 2639 3562 cubi
2689 3490 2789 3565 ab

691 3603 821 3681 eb:
872 3604 1045 3700 quia
1098 3626 1247 3674 non
1301 3615 1497 3691 sunt,
1533 3602 1795 3699 inquit,
1831 3602 1978 3691 CG,
2014 3602 2137 3692 Ze,
2172 3601 2284 3691 eb,
2321 3602 2405 3675 kl
2435 3602 2789 3678 continue

697 3715 1307 3814 proportionales

796 3832 954 3927 Ego
999 3854 1176 3904 vero
1231 3851 1354 3901 eas
1414 3852 1571 3902 esse
1624 3829 1976 3904 continue
2026 3829 2608 3927 proportionales
2655 3829 2789 3903 de-

688 3945 1105 4018 monstravi
1138 3944 1404 4016 iterum
1442 3967 1487 4015 a
1518 3967 1728 4038 prop.
1763 3967 1836 4015 v.

686 4109 691 4116 »
797 4061 1073 4132 Omnes
1102 4080 1280 4153 ergo
1306 4055 1846 4153 propositiones
1874 4078 2078 4146 meae,
2102 4067 2404 4152 excepta
2434 4052 2786 4149 secunda,

690 4197 741 4245 a
773 4171 1192 4246 Professore
1229 4170 1523 4266 publico
1555 4167 1960 4241 incolumes
1986 4180 2180 4243 sunt.

1247 4434 1281 4469 ⁴*
1329 4433 1428 4493 Sic
1456 4435 1595 4493 edit.
1635 4437 1804 4493 1669.
1894 4432 2099 4504 Quoere
2128 4431 2192 4490 eb
2214 4433 2243 4489 2?
