3094 5125
346 683 570 725 manoe
578 684 646 725 US

467 765 531 806 11.

728 481 823 547 82
1158 494 1693 547 EXAMINATJO
1736 495 1835 546 ET
1873 493 2368 547 ΕΜΕΝοΑτιο

827 657 918 733 A.
973 660 1325 736 Rationes
1358 661 1731 736 addendas
1762 686 2094 760 propone
2127 685 2306 758 quas
2338 660 2471 733 viS.

827 773 926 847 B.
980 774 1278 848 Rationi
1333 786 1379 849 2
1426 775 1523 849 ad
1565 783 1612 849 3
1664 776 1855 850 adde
1901 777 2259 851 rationem
2313 786 2359 849 4
2405 773 2500 848 ad
2542 782 2617 864 5,
2678 795 2812 870 per

725 887 1434 985 multiplicationem.

831 1003 929 1074 A.
984 1001 1401 1098 Multiplico
1456 1001 1999 1092 antecedentes,
2060 1012 2106 1075 2
2157 1012 2232 1075 et
2271 1010 2342 1090 4,
2394 1000 2471 1072 in
2527 1022 2630 1087 se,
2685 1001 2810 1096 qui

725 1116 1008 1190 faciunt
1067 1123 1157 1200 8;
1227 1115 1491 1188 deinde
1551 1115 1954 1212 multiplico
2007 1116 2085 1188 in
2139 1139 2218 1189 se
2273 1124 2809 1209 consequentes

728 1236 774 1301 3
802 1240 879 1301 et
914 1237 956 1300 5
991 1259 1009 1313 ;
1062 1228 1495 1324 producitur
1538 1237 1650 1301 15.
1755 1227 2221 1301 Probandum
2275 1239 2390 1300 est
2442 1226 2812 1299 rationem

730 1351 776 1417 8
811 1341 905 1414 ad
943 1350 1056 1430 15,
1092 1342 1449 1438 aequalem
1481 1364 1640 1415 esse
1683 1342 2035 1415 ambabus
2082 1340 2483 1414 rationibus
2518 1351 2567 1413 2
2602 1340 2702 1413 ad
2739 1349 2808 1429 3,

730 1466 805 1528 et
830 1466 873 1527 4
911 1454 1007 1528 ad
1045 1464 1112 1528 5.
1217 1454 1412 1529 Nam
1465 1466 1511 1529 4
1556 1455 2050 1552 multiplicans
2102 1464 2148 1527 2
2186 1464 2262 1527 et
2297 1462 2364 1542 3,
2417 1453 2602 1526 facit
2656 1461 2704 1526 8
2734 1465 2811 1527 et

740 1578 849 1641 12.
953 1568 1086 1642 Est
1144 1591 1319 1664 ergo
1378 1568 1570 1642 ratio
1628 1577 1674 1643 8
1718 1567 1813 1641 ad
1868 1576 1955 1641 12
2004 1566 2261 1640 eadem
2322 1591 2487 1662 quae
2519 1576 2566 1640 2
2603 1565 2701 1639 ad
2736 1576 2804 1639 3.

729 1681 1033 1769 RursuS,
1090 1691 1133 1755 3
1171 1681 1664 1778 multiplicans
1698 1690 1744 1753 4
1782 1691 1860 1754 et
1896 1689 1966 1769 5,
2001 1679 2181 1752 facit
2222 1689 2309 1753 12
2339 1693 2413 1753 et
2455 1688 2572 1752 15.
2677 1680 2810 1753 Est

729 1817 906 1891 ergo
952 1803 1036 1869 12
1081 1794 1176 1868 ad
1223 1804 1307 1868 15
1362 1793 1621 1868 eadem
1674 1793 1865 1867 ratio
1925 1817 2091 1889 quae
2139 1802 2182 1865 4
2221 1792 2317 1865 ad
2354 1803 2423 1867 5.
2527 1792 2680 1866 Sed
2732 1792 2808 1865 in

727 1908 843 1981 his
909 1910 1232 1982 numeris
1280 1917 1351 1997 8,
1421 1917 1535 1999 12,
1596 1916 1706 1999 15,
1759 1906 1950 1980 ratio
2010 1907 2267 2003 primae
2322 1906 2416 1980 ad
2468 1906 2809 1979 ultimam

727 2023 1024 2118 aequalis
1051 2035 1162 2097 est
1196 2022 1547 2096 ambabus
1584 2021 1987 2095 rationibus
2022 2020 2237 2093 simul
2275 2028 2320 2093 8
2354 2020 2452 2094 ad
2486 2029 2573 2094 12
2611 2032 2687 2093 et
2722 2029 2806 2093 12

726 2135 824 2209 ad
858 2146 969 2226 15,
997 2137 1138 2210 hoc
1167 2147 1301 2225 est,
1325 2135 1678 2209 ambabus
1702 2134 2105 2207 rationibus
2139 2143 2185 2207 2
2222 2134 2320 2207 ad
2354 2143 2398 2207 3
2426 2145 2503 2207 et
2526 2142 2572 2206 4
2604 2133 2703 2207 ad
2738 2142 2807 2206 5.

729 2251 989 2345 Itaque
1025 2248 1518 2323 demonstravi
1564 2248 1927 2321 rationem
1960 2247 2256 2336 rationi,
2290 2270 2423 2344 per
2456 2246 2810 2342 multipli-

728 2363 1091 2435 cationem
1136 2362 1215 2434 in
1266 2386 1344 2435 se
1389 2361 1978 2435 antecedentium
2030 2362 2413 2434 amborum
2449 2372 2523 2435 et
2556 2361 2811 2435 ambo-

729 2498 896 2547 rum
929 2474 1556 2572 consequentium,
1592 2474 1920 2548 additam
1953 2498 2134 2565 esse,
2170 2486 2257 2548 ut
2289 2475 2689 2573 imperasti.

832 2589 930 2662 B.
987 2588 1379 2663 Quomodo
1412 2600 1661 2663 autem
1694 2590 2017 2663 rationes
2061 2590 2293 2663 altera
2339 2589 2553 2662 alteri
2599 2589 2810 2662 aliter

729 2701 902 2775 addi
933 2700 1295 2798 possunt?

831 2815 930 2889 A.
986 2815 1089 2903 Si,
1125 2838 1411 2912 nempe,
1448 2826 1534 2888 ut
1578 2816 2016 2890 antecedens
2067 2826 2181 2889 est
2223 2815 2319 2889 ad
2355 2838 2809 2911 consequen-

729 2939 881 3002 tem
949 2928 1166 3001 unius
1231 2928 1562 3018 rationis,
1628 2928 1738 3001 ita
1797 2930 1931 3003 fiat
1998 2952 2451 3025 consequens
2507 2928 2810 3001 alterius

730 3043 1035 3116 rationis
1094 3042 1190 3117 ad
1249 3054 1610 3140 quartam.
1713 3041 1907 3116 Nam
1956 3042 2018 3115 si
2069 3043 2338 3115 rationi
2385 3052 2431 3116 2
2466 3041 2561 3115 ad
2599 3051 2646 3114 3
2680 3040 2810 3114 ad-

732 3155 973 3229 denda
1006 3157 1101 3230 sit
1133 3158 1322 3231 ratio
1350 3166 1393 3229 4
1422 3156 1519 3229 ad
1549 3165 1617 3245 5,
1643 3156 1778 3229 fiat
1808 3168 1896 3228 ut
1921 3166 1967 3229 4
1995 3156 2089 3230 ad
2118 3164 2189 3245 5,
2219 3157 2324 3229 ita
2359 3164 2405 3228 3
2431 3154 2525 3228 ad
2554 3156 2808 3236 aliam;

730 3269 1056 3365 prodibit
1089 3270 1210 3365 32}
1284 3271 1663 3344 Ponantur
1689 3268 1946 3342 ordine
1981 3278 2052 3358 2,
2084 3278 2153 3358 3,
2183 3269 2303 3363 3}-
2378 3269 2597 3342 Ratio
2631 3292 2809 3364 ergo

731 3391 777 3454 2
815 3381 910 3454 ad
947 3382 1042 3476 3}
1075 3393 1187 3455 est
1238 3406 1523 3456 summa
1583 3381 1951 3454 rationum
2000 3391 2046 3455 2
2083 3381 2179 3455 ad
2215 3391 2260 3455 3
2309 3392 2385 3454 et
2432 3389 2478 3453 3
2531 3380 2627 3453 ad
2690 3382 2806 3475 32}-
2851 3409 2852 3412 ¹

731 3493 866 3567 Est
922 3495 1118 3569 enim
1169 3496 1359 3570 ratio
1396 3506 1442 3570 3
1477 3495 1573 3568 ad
1611 3495 1731 3590 331,
1774 3494 2030 3580 eadem
2083 3518 2246 3590 quae
2296 3493 2485 3567 ratio
2521 3505 2564 3566 4
2604 3493 2700 3566 ad
2737 3505 2804 3566 5.

732 3607 829 3680 Et
864 3608 1222 3704 siquidem
1256 3620 1405 3683 tres
1439 3610 1912 3705 quantitateS,
1949 3618 2021 3698 2,
2058 3617 2130 3698 3,
2169 3609 2287 3703 3{-,
2319 3607 2810 3705 multiplicen-

731 3733 853 3794 tur
887 3745 1139 3794 omnes
1172 3746 1305 3818 per
1324 3732 1395 3813 4,
1423 3722 1826 3819 prodibunt
1847 3730 1918 3811 8,
1956 3732 2067 3811 12,
2106 3731 2219 3811 15,
2254 3721 2477 3795 iidem
2522 3720 2810 3794 numeri

734 3834 857 3930 qui
890 3835 1067 3907 facti
1100 3849 1312 3909 erant
1344 3858 1477 3931 per
1509 3834 2217 3931 multiplicationem.

832 3946 928 4018 B.
983 3946 1211 4019 Recte
1268 3947 1851 4021 demonstratum
1899 3958 2032 4020 est.
2137 3947 2284 4021 Sed
2329 3970 2574 4020 nonne
2621 3945 2810 4018 sicut

732 4059 922 4134 ratio
956 4059 1227 4133 rationi
1259 4059 1556 4133 additur
1588 4083 1722 4156 per
1760 4059 2466 4157 multiplicationem,
2502 4060 2608 4131 ita
2639 4058 2808 4130 sub-

734 4173 982 4247 ductio
1036 4173 1251 4245 unius
1291 4173 1597 4246 rationis
1643 4197 1734 4247 ex
1775 4174 1919 4247 alia
1962 4173 2124 4247 fieri
2167 4183 2411 4269 potest
2459 4194 2592 4268 per
2626 4171 2810 4243 divi-

728 4288 1011 4361 sionem
1037 4285 1063 4358 Ρ

834 4398 934 4472 Α.
986 4399 1250 4473 Etiam.
1354 4399 1571 4488 Nam,
1601 4400 1913 4496 exempli
1946 4400 2208 4496 gratia,
2237 4424 2282 4472 a
2313 4400 2599 4472 ratione
2637 4406 2683 4470 8
2717 4395 2809 4470 ad

743 4518 830 4584 15
882 4511 980 4584 sit
1037 4511 1510 4588 subducenda
1563 4513 1752 4587 ratio
1800 4522 1843 4585 4
1906 4512 2001 4586 ad
2055 4520 2125 4585 5.
2228 4512 2496 4586 Divido
2556 4512 2806 4586 ambos
