3094 5125
710 467 809 546 47
816 471 860 537 8
1526 484 1636 536 nu
1686 485 1987 537 Munus

320 679 652 721 appnnmx.
711 663 789 724 et
822 648 1253 726 altitudines
1288 651 1865 749 reciprocantur.
1956 649 2206 725 Quare
2249 650 2424 748 (per
2455 675 2681 749 prop.
2711 662 2844 739 34,

354 748 625 783 υ-Ὗ-α

712 764 945 838 Elem.
981 766 1088 858 xi)
1131 765 1274 838 erit
1307 767 1543 839 cubus
1581 791 1627 839 a
1650 766 1803 839 DM
1846 766 2110 858 (cubus
2135 777 2390 838 autem
2430 777 2546 839 est
2587 768 2845 862 paral-

709 876 1216 973 lelipipedum)
1285 878 1586 973 aequalis
1644 877 2271 975 parallelipipedo‚
2335 880 2553 974 cujus
2626 880 2841 952 basis

708 1002 825 1064 est
891 990 1187 1086 aequalis
1255 991 1616 1087 quadrato
1677 991 1911 1080 DEkl,
1982 991 2300 1065 altitudo
2371 992 2690 1088 aequalis
2750 992 2835 1065 lu

709 1103 861 1177 sive
897 1103 1061 1178 AD.

811 1217 958 1291 Sed
994 1217 1431 1313 quadratum
1465 1217 1685 1291 DEkl
1733 1218 2014 1313 aequale
2049 1227 2164 1294 est
2193 1218 2639 1314 rectangulo
2678 1219 2828 1291 sub

707 1329 871 1419 AD,
904 1332 1061 1420 DV,
1098 1331 1177 1403 id
1211 1343 1349 1422 est,
1391 1332 1829 1429 rectangulo
1864 1330 2020 1405 MR
2049 1359 2067 1403 ε
2120 1331 2824 1428 parallelipipedum

706 1457 954 1517 autem
992 1446 1125 1518 sub
1161 1446 1595 1542 rectangulo
1632 1447 1789 1519 MR
1824 1446 2127 1519 ductum
2163 1446 2241 1518 in
2270 1445 2408 1519 OR
2442 1445 2821 1541 aequalem

706 1557 869 1647 AD,
908 1571 1020 1632 est
1075 1558 1459 1632 dimidium
1508 1559 1677 1632 cubi
1740 1559 1968 1632 totius
2004 1583 2048 1632 a
2081 1558 2311 1631 latere
2347 1556 2516 1644 AD,
2551 1558 2634 1631 id
2669 1570 2819 1644 est,

705 1673 982 1768 oequale
1038 1684 1356 1768 quatuor
1409 1672 1614 1745 cubis
1660 1695 1706 1746 a
1749 1671 1980 1746 latere
2015 1671 2174 1744 DV.
2280 1672 2539 1768 Itaque
2597 1684 2821 1743 recta

705 1784 860 1860 DM
917 1798 1030 1858 est
1088 1784 1496 1858 mediarum
1551 1784 1860 1857 duarum
1908 1784 2102 1857 inter
2148 1784 2311 1874 AD,
2358 1783 2495 1856 DV
2539 1787 2817 1880 major,

703 1915 847 1974 etc.
958 1900 1181 1977 Quod
1216 1913 1376 1974 erat
1410 1900 2093 1975 demonstrandum.

805 2015 1210 2088 Ostendam
1258 2016 1414 2109 jam
1475 2027 1756 2087 rectam
1805 2015 1941 2088 DO
1995 2014 2373 2087 semissem
2422 2037 2581 2088 esse
2635 2027 2814 2087 tan·

704 2129 950 2223 gentis
1013 2135 1108 2201 30
1143 2127 1530 2222 graduum.
1639 2128 1858 2202 Secet
1907 2126 2042 2200 Ro
2098 2139 2378 2201 rectam
2431 2127 2543 2199 Ek
2583 2128 2663 2200 in
2701 2154 2809 2223 y:

704 2241 991 2337 eritque
1027 2241 1144 2337 Oy
1172 2240 1373 2312 sinus
1399 2251 1494 2313 45
1532 2240 1918 2336 graduum.
2009 2240 2264 2337 Itaque
2296 2252 2608 2337 utraque
2645 2266 2814 2314 ree-

702 2365 946 2428 tarum
985 2353 1131 2450 Ay,
1163 2353 1279 2426 ch
1314 2354 1618 2448 aequalis
1654 2355 1795 2427 erit
1830 2352 1992 2441 AB,
2030 2354 2375 2427 videlicet
2425 2355 2641 2427 lateri
2686 2367 2808 2427 to·

703 2468 850 2542 tius
919 2467 1261 2566 quadrati
1321 2465 1618 2543 ABCD.
1735 2468 2069 2542 Circulus
2137 2492 2315 2566 ergo
2385 2468 2809 2566 descriptus

704 2583 915 2656 radio
951 2580 1083 2655 DC
1120 2581 1463 2654 transibit
1496 2606 1632 2677 per
1665 2582 1735 2673 Ic,
1771 2595 1849 2658 et
1881 2582 2199 2656 circulus
2238 2582 2646 2679 descriptus
2682 2608 2806 2656 ra-

704 2697 830 2771 dio
870 2695 1004 2770 AB
1042 2697 1389 2769 transibit
1421 2720 1556 2792 per
1587 2722 1659 2793 y.

807 2809 880 2883 A
935 2820 1216 2905 puncto
1276 2835 1326 2905 y
1386 2811 1714 2905 erigatur
1770 2823 1975 2884 reeta
2025 2836 2118 2908 μα
2171 2810 2807 2908 perpendicularis

703 2923 844 3019 ipsi
878 2921 1023 3019 Ay,
1061 2944 1318 2995 secans
1353 2920 1476 2997 BC
1513 2923 1592 2995 iu
1625 2964 1687 3014 a,
1724 2924 2325 3020 producaturque
2353 2950 2442 3021 ay
2476 2923 2571 2997 ad
2602 2924 2803 2997 latus

706 3033 837 3111 CD
875 3037 952 3110 in
986 3062 1049 3109 z.
1153 3035 1317 3109 Erit
1363 3060 1540 3133 ergo
1597 3037 2047 3133 triangulum
2093 3037 2233 3115 Caz
2280 3039 2802 3134 aequicrurum‚

702 3161 781 3224 et
813 3150 1066 3246 anguli
1102 3150 1259 3246 ejus
1298 3149 1396 3223 ad
1429 3188 1465 3220 a
1502 3162 1579 3224 et
1614 3175 1653 3222 z
1688 3151 2080 3225 semirecti.
2186 3151 2644 3225 Producatur
2688 3173 2801 3247 gr

703 3274 788 3336 ut
822 3275 1023 3335 secet
1056 3285 1309 3335 arcum
1346 3262 1453 3335 ok
1485 3262 1564 3334 in
1595 3271 1664 3350 β,
1693 3263 1978 3359 eritque
2013 3263 2328 3359 angulus
2365 3259 2540 3336 DGss
2573 3263 2800 3335 tertia

703 3399 874 3472 pars
921 3375 1132 3447 recti.
1238 3375 1488 3450 Quare
1543 3375 1910 3471 producta
1942 3376 2056 3462 Πβ
2087 3375 2310 3450 faciet
2358 3400 2528 3449 cum
2561 3375 2798 3448 latere

705 3486 829 3565 CB
866 3488 1218 3585 angulum
1256 3489 1615 3583 aequalem
1650 3488 1934 3563 duabus
1969 3490 2210 3563 tertiis
2245 3489 2454 3563 recti.

806 3603 1175 3678 Quoniam
1234 3615 1483 3675 autem
1533 3602 1844 3698 angulus
1897 3603 2053 3699 Rya
2087 3614 2200 3675 est
2233 3601 2682 3688 semirectuS‚
2721 3611 2797 3673 et

703 3717 1016 3813 angulus
1053 3713 1230 3799 ODss
1265 3717 1487 3789 tertia
1530 3740 1702 3813 pars
1753 3716 1962 3806 recti,
2018 3716 2242 3790 faciet
2276 3715 2393 3802 Dss
2426 3715 2793 3812 producta

703 3854 875 3903 cum
902 3856 1004 3927 μα
1037 3832 1388 3928 angulum
1423 3829 1677 3926 anguli
1710 3831 1896 3903 recti
1930 3841 2216 3926 partem
2252 3841 2560 3903 sextam.
2647 3826 2795 3900 Sed

703 3945 1016 4041 angulus
1053 3946 1240 4043 Ray,
1275 3943 1401 4043 qui
1460 3943 1686 4017 etiam
1739 3955 1855 4016 est
1914 3942 2366 4026 semirectuS,
2416 3965 2568 4014 una
2625 3964 2792 4012 cum

705 4069 917 4132 sexta
962 4070 1172 4155 parte
1226 4057 1411 4132 recti
1457 4056 1682 4129 faciet
1718 4054 1898 4129 duas
1933 4057 2191 4130 tertias
2226 4055 2438 4128 recti.
2544 4055 2792 4129 Quare

699 4171 961 4267 juncta
988 4175 1110 4258 ‘affl
1163 4183 1238 4246 et
1298 4169 1663 4269 producta
1721 4169 1999 4243 incidet
2056 4170 2135 4242 in
2197 4167 2290 4240 D.
2412 4169 2544 4240 Est
2612 4189 2790 4260 ergo

708 4283 816 4357 Ca
848 4296 1161 4380 tangens
1196 4284 1447 4381 anguli
1483 4292 1580 4358 30
1614 4283 2002 4380 graduum,
2032 4292 2108 4357 et
2144 4281 2312 4356 huic
2342 4279 2637 4377 aequalis
2661 4279 2788 4351 Cz.
