3094 5125
696 451 827 519 134
1119 462 1659 513 ExAMmA'rro
1702 463 1803 513 m·
1844 462 2339 514 EMENDA'no

317 658 617 701 nmnocus
785 630 881 702 B.
937 630 1018 702 Si
1060 629 1372 702 extremi
1419 641 1913 717 assumantur,
1969 640 2285 724 quatuor
2340 650 2511 701 cum
2558 627 2772 700 semi-

423 740 504 780 ¹V·
685 745 915 817 toni0.

790 857 885 929 A.
940 856 1008 928 A
1044 855 1301 951 quinto
1337 855 1433 927 ad
1468 868 1810 928 octavum
1847 855 2075 950 quot?

786 983 885 1054 B.
942 981 1019 1053 Si
1046 980 1304 1053 itidem
1327 980 1638 1053 extremi
1666 992 2167 1069 numerentur,
2191 991 2340 1052 tres
2368 1004 2537 1054 cum
2560 980 2776 1053 semi-

688 1096 915 1169 toni0.
1021 1093 1498 1167 Intercedunt
1531 1104 1779 1166 autem
1824 1094 2017 1166 inter
2052 1095 2279 1167 imum
2326 1108 2402 1167 et
2438 1094 2780 1190 quintum

691 1209 850 1282 toni
872 1209 1019 1281 duo
1052 1221 1128 1280 et
1163 1207 1633 1280 semitonium
1665 1238 1683 1291 ;
1718 1207 1910 1279 inter
1938 1207 2278 1302 quintum
2306 1219 2381 1280 et
2413 1219 2779 1292 octavum,

691 1339 910 1395 tonus
945 1332 1022 1394 et
1061 1320 1555 1408 semitonium,
1592 1336 1668 1393 et
1701 1343 2025 1394 summus
2070 1332 2293 1394 tonus
2336 1320 2557 1417 duplo
2609 1343 2781 1393 acu-

692 1438 836 1510 tior
870 1449 985 1509 est
1022 1458 1242 1530 quam
1279 1435 1493 1506 imus.

795 1549 894 1621 A.
950 1546 1342 1623 Quomodo
1378 1559 1627 1620 autem
1664 1547 2112 1620 conveniunt
2158 1547 2317 1620 haec
2369 1569 2541 1620 cum
2585 1569 2784 1619 com-

691 1663 1057 1758 positione
1109 1661 1416 1734 rationis
1461 1660 1960 1757 sesquialterae
2013 1673 2089 1734 et
2149 1658 2632 1756 sesquitertiae
2690 1658 2786 1731 ad

694 1774 1106 1847 faciendam
1143 1774 1504 1847 rationem
1541 1773 1837 1868 duplam
1868 1772 1893 1844 ?

795 1889 893 1961 B.
948 1887 1245 1976 Nescio,
1280 1888 1422 1961 nisi
1458 1888 1826 1959 rationum
1873 1886 2074 1982 apud
2120 1887 2435 1960 musicos
2489 1897 2567 1959 et
2612 1910 2787 1982 geo-

699 2014 970 2074 metras
1008 2001 1296 2074 diversa
1331 2002 1427 2074 sit
1462 2000 1940 2095 computatio.

806 2114 902 2187 A.
955 2114 1208 2187 Videri
1277 2113 1433 2186 vult
1520 2114 1837 2208 scriptor
1920 2112 2042 2184 hic
2125 2116 2452 2186 omnium
2520 2113 2789 2187 artium

701 2229 981 2324 peritus
1021 2250 1202 2316 esse,
1227 2250 1396 2299 cum
1432 2226 1527 2298 sit
1563 2226 1890 2298 omnium
1921 2225 2218 2320 quidem
2252 2227 2527 2299 artium
2558 2227 2790 2323 impe-

702 2341 932 2423 ritus;
987 2340 1296 2412 duarum
1332 2349 1604 2426 autem,
1634 2362 1813 2433 quas
1846 2339 2259 2433 profitetur,
2289 2339 2683 2434 theologiae
2716 2350 2793 2411 et

703 2452 1126 2548 geometriae
1161 2451 1776 2548 imperitissimus,
1882 2451 2104 2533 Quod
2136 2453 2361 2525 habet
2398 2452 2667 2526 deinde
2703 2453 2794 2527 de

704 2566 1011 2640 rationis
1046 2590 1091 2638 a
1138 2567 1421 2638 ratione
1468 2565 1864 2655 ablatione,
1915 2591 2133 2663 quam
2193 2568 2314 2640 hic
2374 2579 2591 2641 vocat
2650 2584 2794 2660 ᾶνηρ

703 2696 958 2768 περισσὸς
1015 2679 1324 2752 rationis
1372 2679 1982 2769 imminutionem,
2019 2705 2152 2777 per
2187 2681 2644 2772 divisionem,
2679 2707 2796 2756 re-

704 2792 1004 2887 spondit
1038 2817 1079 2865 e
1115 2792 1489 2865 contrario
1526 2793 1617 2866 iis
1666 2818 1831 2890 quae
1880 2794 2246 2867 habentur
2283 2795 2376 2868 de
2420 2797 2797 2869 rationum

708 2929 870 3000 quae
905 2906 990 2978 fit
1020 2930 1153 3001 per
1187 2905 1669 2979 terminorum
1706 2907 2394 3003 multiplicationem
2430 2911 2797 3006 composi-

708 3018 908 3091 tione
938 3050 956 3102 ;
1009 3043 1145 3091 nec
1181 3031 1474 3115 poterat
1509 3019 1588 3092 id
1622 3044 1770 3093 non
1806 3020 2074 3094 videre.

809 3129 899 3201 B.
956 3131 1101 3204 Sed
1137 3143 1213 3205 et
1265 3131 1481 3204 aliter
1527 3132 1718 3205 ratio
1754 3157 1801 3205 a
1851 3133 2135 3206 ratione
2185 3133 2474 3207 detrahi
2525 3147 2799 3230 potest,

709 3244 875 3330 sine
903 3244 1280 3318 divisione.
1370 3244 1564 3317 Nam
1603 3246 1664 3317 si
1701 3246 1888 3318 ratio
1916 3256 1959 3319 2
1999 3247 2094 3320 ad
2131 3257 2175 3320 3
2214 3247 2670 3320 detrahenda
2703 3248 2801 3321 sit

711 3382 799 3429 ex
851 3358 1135 3430 ratione
1171 3369 1214 3431 4
1254 3357 1349 3432 ad
1388 3367 1456 3447 5,
1511 3370 1588 3430 et
1621 3360 1750 3431 fiat
1786 3371 1869 3433 ut
1904 3370 1947 3433 2
1987 3361 2081 3432 ad
2119 3371 2163 3433 3
2201 3362 2307 3434 ita
2341 3375 2382 3433 4
2424 3360 2519 3433 ad
2554 3360 2797 3452 aliam,

710 3479 756 3541 6
790 3502 808 3554 ;
862 3471 1000 3543 erit
1048 3473 1236 3545 ratio
1297 3470 1592 3544 residua
1649 3475 1838 3545 ratio
1894 3482 1939 3546 6
2001 3473 2096 3546 ad
2154 3484 2195 3545 5
2225 3507 2243 3559 ;
2306 3487 2393 3547 ut
2451 3474 2802 3570 expositis

710 3585 1033 3657 numeris
1069 3596 1139 3673 4,
1174 3594 1247 3674 6,
1288 3596 1356 3676 5,
1386 3584 1638 3658 videre
1673 3598 1805 3659 est.
1882 3587 2077 3659 Nam
2113 3587 2476 3661 subducta
2509 3590 2801 3662 ratione

711 3706 754 3767 4
795 3698 889 3769 ad
924 3705 994 3787 6,
1026 3698 1100 3770 id
1137 3712 1250 3772 est
1285 3709 1329 3773 2
1368 3698 1462 3771 ad
1499 3708 1569 3790 3,
1600 3724 1691 3772 ex
1725 3700 2009 3773 ratione
2038 3711 2081 3773 4
2120 3701 2214 3774 ad
2252 3711 2321 3790 5,
2357 3702 2801 3798 relinquitur

711 3809 901 3883 ratio
939 3819 984 3883 6
1021 3810 1114 3883 ad
1153 3820 1222 3884 5.

813 3925 911 3995 A.
966 3923 1292 4019 Lego.--
1308 3896 1571 3996 Utr'um
1649 3922 1806 3996 haec
1890 3926 2255 3999 rationum
2340 3926 2799 4025 compositio,

714 4035 1002 4109 additio
1032 4035 1459 4131 judicanda
1491 4034 1621 4125 sit,
1659 4061 1758 4109 an
1792 4036 2342 4136 multiplic-ntia,
2368 4039 2577 4113 haud
2605 4041 2801 4114 satis

712 4147 1006 4220 videtur
1051 4147 1262 4245 apud
1299 4147 1824 4237 arithmeticos,
1858 4148 1976 4221 vel
2018 4150 2241 4223 etiam
2274 4154 2800 4250 geometricos,

714 4262 1492 4335 constare—Videtur
1516 4262 1630 4335 his
1656 4263 1898 4336 verbis
1926 4265 2289 4360 respicere
2316 4264 2412 4338 ad
2438 4266 2797 4356 Clavium,

715 4376 840 4468 qui
882 4377 1009 4470 (ad
1046 4377 1259 4471 Prop.
1290 4385 1409 4465 23,
1449 4376 1557 4448 El.
1590 4376 1721 4471 vi.)
1760 4378 2163 4468 contendit,
2207 4379 2802 4477 compositionem
