3094 5125
695 466 844 533 408
995 479 1103 531 nu
1142 478 1605 531 PRINCIPHS
1647 478 1748 530 ΕΤ
1785 476 2509 531 ΒΑΤῙοοιΝΑτιοΝΕ

335 672 472 713 σαι».
503 673 587 715 lx.
694 646 1048 721 terminos
1102 647 1282 721 alios
1342 669 1491 720 non
1559 646 1831 719 habere
1890 657 2381 742 praeterquam
2447 642 2785 738 longitu-

325 742 610 862 W
695 760 911 846 dinis,
945 774 1022 834 et
1071 772 1465 857 propterea
1516 760 1828 855 figuram
1886 781 2036 832 non
2095 782 2274 832 esse.
2378 754 2779 831 Quomodo

693 898 870 969 ergo
908 873 1255 946 differunt
1293 874 1489 946 inter
1522 897 1601 946 se
1638 872 1803 946 duae
1836 871 2052 946 lineae
2085 872 2315 945 finitae
2350 869 2773 966 inaequaleS,

693 1010 998 1082 quarum
1035 986 1267 1059 altera
1299 998 1524 1075 recta,
1547 986 1782 1059 altera
1816 1009 2041 1059 curva
2073 998 2205 1074 est,
2228 986 2470 1058 sinon
2496 981 2770 1079 figura?

691 1099 1061 1172 Differunt
1097 1100 1293 1173 enim
1326 1099 1716 1197 plusquam
1750 1100 2232 1195 longitudine.

790 1212 1141 1285 Definitio
1212 1212 1498 1286 decima
1544 1213 1847 1309 quinta:
1909 1212 2258 1286 Οἰνοαίων
2327 1221 2443 1285 est
2485 1211 2763 1308 figura

678 1323 923 1422 plana
958 1324 1089 1397 sub
1123 1350 1269 1398 una
1303 1323 1498 1398 linea
1534 1324 2079 1422 comprehensa,
2110 1350 2269 1422 quoe
2311 1322 2765 1423 peripheria

689 1437 1141 1537 appellatur,
1171 1439 1247 1512 in
1275 1463 1487 1535 quam
1514 1437 1612 1511 ab
1638 1462 1776 1510 uno
1792 1449 2074 1534 puncto
2103 1463 2349 1511 eorum
2378 1462 2531 1534 quae
2565 1436 2765 1509 intra

661 1552 1011 1648 figuram
1062 1560 1233 1623 sunt
1272 1551 1561 1649 posita,
1622 1550 1967 1623 cadentes
2017 1576 2264 1624 omnes
2296 1559 2523 1623 rectae
2557 1548 2766 1621 lineae

689 1665 885 1737 inter
911 1689 991 1737 se
1008 1673 1177 1737 sunt
1213 1662 1562 1761 oequaleS.
1641 1663 1885 1738 Quam
1920 1688 2071 1736 non
2101 1662 2599 1759 reprehendo:
2636 1660 2765 1733 sed

688 1802 961 1873 quaero‚
983 1779 1245 1874 prim0‚
1269 1801 1494 1873 quare
1527 1777 1761 1850 latera
1788 1778 2034 1850 omnia
2062 1777 2277 1850 simul
2305 1800 2466 1872 quae
2495 1776 2762 1847 consti-

687 1901 905 1964 tuunt
927 1892 1283 1964 ambitum
1312 1890 1684 1987 polygoni,
1698 1914 1845 1963 non
1867 1914 2072 1985 aeque
2096 1914 2246 1963 una
2263 1890 2457 1961 linea
2483 1898 2654 1961 sunt
2675 1910 2761 1959 ac

683 2004 1079 2101 perimeter
1114 2005 1365 2077 circuli
1401 2036 1419 2087 ;
1483 2004 1609 2100 qui
1645 2002 1958 2075 circulus
1992 2002 2445 2099 polygonum
2480 2000 2760 2074 censeri

681 2128 923 2212 potest
957 2118 1269 2191 laterum
1305 2141 1613 2190 numero
1650 2115 2127 2188 infinitorum.
2233 2115 2310 2188 Si
2347 2114 2596 2187 dicant
2628 2112 2761 2186 dif-

682 2228 1075 2304 ferentiam
1101 2231 1498 2303 consistere
1520 2229 1596 2301 in
1626 2253 1711 2300 eo
1740 2227 1940 2324 quod
1975 2227 2121 2301 duo
2157 2226 2388 2300 latera
2413 2224 2758 2323 polygoni

682 2364 833 2415 non
865 2344 1142 2417 habent
1173 2354 1528 2439 punctum
1558 2364 1946 2414 commune
1978 2340 2076 2413 ad
2110 2364 2236 2414 eos
2272 2364 2455 2436 quos
2481 2340 2758 2413 faciunt

683 2455 1011 2550 angulos,
1061 2457 1251 2528 sicut
1303 2454 1584 2527 habent
1638 2453 1782 2526 duo
1843 2454 2153 2550 quilibet
2212 2477 2427 2527 arcus
2482 2452 2756 2538 circuli,

681 2569 1163 2664 acquiescam.
1267 2568 1641 2641 Caeterum
1700 2566 1762 2640 si
1815 2568 1923 2640 ita
1978 2566 2256 2659 dicant,
2310 2567 2612 2641 videant
2662 2590 2755 2640 an

680 2691 966 2768 ἀκρίβειαν
992 2679 1192 2752 illam
1224 2677 1746 2775 propositionis
1779 2684 1901 2768 47,
1936 2680 2169 2752 Elem.
2205 2679 2256 2768 i,
2288 2702 2442 2752 non
2475 2680 2753 2767 tollant,

682 2793 799 2865 cui
852 2791 1169 2864 maxima
1200 2815 1371 2888 pars
1406 2791 1832 2887 geometriae
1866 2791 2234 2866 innititur.
2340 2791 2610 2866 Quaero
2644 2816 2755 2865 se-

680 2904 948 2994 cund0,
970 2928 1103 2978 cur
1127 2928 1278 2978 non
1306 2904 1639 2978 definivit
1667 2905 2023 2979 circulum
2057 2929 2102 2977 a
2129 2904 2753 2979 circumductione

677 3017 887 3105 radii,
924 3031 1007 3092 ut
1041 3018 1368 3091 definivit
1408 3018 1767 3115 sphaeram
1802 3043 1847 3092 a
1881 3019 2509 3093 circumductione
2544 3017 2754 3092 semi-

677 3131 974 3214 circuli;
1029 3155 1198 3204 nam
1253 3131 1539 3228 potuit:
1595 3144 1671 3203 et
1727 3131 1985 3204 fuisset
2047 3130 2378 3205 definitio
2438 3132 2565 3204 illa
2629 3129 2751 3202 de-

677 3244 982 3317 claratio
1017 3245 1512 3340 generationis
1547 3245 1826 3333 circuli,
1862 3256 1940 3317 et
1972 3268 2104 3340 per
2139 3245 2341 3319 illam
2373 3245 2535 3318 haec
2578 3245 2753 3318 defi-

674 3357 859 3429 nitio
896 3356 1379 3431 demonstrari
1413 3359 1733 3431 breviter
1772 3359 2154 3455 potuisset.
2260 3360 2348 3433 In
2382 3359 2496 3432 his
2531 3359 2754 3455 igitur

675 3469 1221 3544 definitionibus
1257 3472 1709 3567 reprehendo
1744 3486 1843 3553 τὴν
1886 3487 2195 3555 σκαιότητα.

791 3586 1140 3659 Definitio
1209 3587 1578 3661 tricesima
1645 3598 1905 3683 quarta
1934 3617 1951 3660 ε
2033 3586 2448 3661 Parallelae
2531 3598 2751 3662 rectoe

671 3699 885 3772 lineoe
938 3708 1131 3789 sunt,
1185 3725 1349 3797 quoe
1402 3726 1560 3773 cum
1615 3701 1692 3773 in
1744 3701 1996 3773 eodem
2044 3700 2197 3774 sint
2236 3700 2499 3799 plana,
2537 3711 2612 3775 et
2660 3728 2752 3776 ex

671 3822 984 3911 utraque
1020 3822 1258 3911 parte
1309 3813 1384 3885 in
1445 3814 1805 3908 infinitum
1842 3813 2393 3912 producantur,
2447 3815 2524 3888 in
2579 3841 2749 3888 neu-

672 3936 867 3999 tram
901 3926 1050 3999 sibi
1084 3936 1324 3999 mutuo
1361 3926 1690 4000 incident
1717 3955 1743 4000 .·
1795 3952 1971 3999 vera
2004 3928 2302 4026 quidem
2339 3940 2451 4001 est
2483 3953 2749 4024 propo-

671 4040 865 4127 sitio,
933 4063 1084 4113 non
1145 4052 1391 4113 autem
1443 4040 1637 4114 bona
1696 4040 2046 4141 definitio.
2152 4042 2363 4114 Bona
2418 4041 2746 4116 definitio

671 4155 1100 4250 ingenerare
1161 4153 1377 4227 debet
1439 4154 1794 4228 auditoris
1846 4154 2092 4227 animo
2146 4154 2387 4228 ideam
2438 4155 2746 4250 paralle-

668 4267 882 4354 lismi‚
919 4267 994 4339 id
1028 4279 1161 4355 est,
1200 4269 1781 4364 aequidistantiae.
1887 4268 1988 4340 At
2033 4268 2109 4340 in
2145 4269 2283 4343 hac
2320 4267 2743 4341 definitione

669 4404 761 4454 ne
794 4404 944 4453 una
978 4381 1274 4474 quidem
1312 4407 1452 4455 vox
1489 4396 1604 4456 est
1637 4407 1801 4478 quae
1856 4380 2220 4477 significat
2274 4393 2403 4455 aut
2448 4380 2741 4478 aequali-
