3094 5125
1040 497 1708 551 onounrnanuu.
2271 482 2414 549 395

346 680 483 757 est,
524 666 956 764 (interprete
983 666 1293 762 Clavio),
1317 667 1398 739 in
1423 689 1571 762 qua
1602 664 1884 739 nullum
1915 674 2274 761 punctum
2305 664 2420 738 in·
2510 688 2646 729 cu·
2677 686 2759 728 nr.

342 781 782 857 termedium
832 782 925 855 ab
978 782 1320 855 extremis
1360 803 1643 853 sursum
1686 789 1817 853 aut
1873 778 2239 864 deorsum,
2273 778 2420 851 huc
2464 817 2534 862 no
2550 816 2669 861 nm
2691 817 2823 861 m

343 896 460 970 vel
521 895 694 968 illuc
757 894 1238 984 deflectendo,
1292 894 1699 967 subsultat:
1771 892 1851 965 in
1901 916 2047 989 qua
2107 890 2422 988 denique

345 1008 529 1083 nihil
576 1009 983 1082 flexuosum
1030 1007 1417 1104 reperitur.
1520 1006 1695 1080 Non
1742 1028 2063 1102 agnosco
2099 1004 2222 1078 hic
2258 1028 2424 1078 or&

346 1123 624 1196 tionem
660 1121 1365 1194 mathematicorum.
1453 1119 1844 1194 Quomodo
1877 1128 2233 1216 punctum
2253 1118 2424 1190 sub-

349 1235 572 1308 sultet
621 1257 906 1307 sursum
940 1247 1015 1308 et
1062 1234 1424 1323 deorsum,
1461 1234 1610 1307 huc
1645 1245 1722 1306 et
1764 1232 1963 1322 illue,
2011 1255 2160 1305 non
2210 1231 2428 1304 intel-

347 1347 543 1444 ligo:
606 1371 755 1422 non
809 1359 1059 1422 tamen
1118 1347 1341 1421 credo
1385 1370 1825 1444 quemquam
1880 1369 2036 1419 esse
2087 1345 2212 1442 qui
2266 1368 2424 1418 rem

348 1460 606 1558 ipsam,
642 1462 910 1535 lineam
944 1462 1244 1558 inquam
1276 1473 1582 1547 rectam,
1617 1459 1862 1533 animo
1897 1483 2029 1532 suo
2064 1481 2215 1532 non
2249 1456 2426 1531 satis

349 1587 551 1648 recte
586 1574 975 1670 concipiat,
1012 1574 1179 1647 idea
1207 1586 1388 1647 nata
1419 1574 1511 1646 ab
1546 1572 1793 1669 aliqua
1823 1572 2017 1645 linea
2049 1582 2254 1644 recta
2277 1596 2429 1644 ma·

350 1686 614 1773 teriali,
649 1710 1067 1783 quanquam
1114 1687 1316 1761 ideas
1369 1709 1536 1759 suas
1584 1708 1735 1759 non
1790 1707 2042 1759 omnes
2092 1685 2427 1758 homines

350 1810 660 1896 possunt
692 1799 1024 1872 oratione
1059 1823 1266 1895 aeque
1301 1798 1696 1871 declarare.
1802 1797 1948 1870 Sed
1981 1820 2221 1893 neque
2256 1820 2426 1870 con-

351 1924 492 2002 tra,
536 1911 643 1985 illi
690 1912 815 2008 qui
866 1912 1195 2009 cogitata
1246 1935 1377 1984 sua
1432 1912 1707 2007 optime
1764 1910 2210 1999 describunt,
2258 1920 2430 1983 sunt

355 2048 640 2120 semper
673 2024 933 2122 optimi
969 2024 1488 2098 mathematici.
1593 2023 1916 2097 Definire
1970 2024 2165 2096 enim
2215 2046 2429 2095 voca-

352 2139 527 2212 bula
559 2139 738 2213 artis
774 2141 1274 2237 cujuscunque
1323 2162 1472 2211 non
1508 2149 1621 2212 est
1672 2138 1897 2236 ipsius
1941 2137 2144 2227 artis,
2191 2160 2432 2234 neque

353 2251 549 2325 forte
585 2252 883 2327 omnino
918 2253 1094 2327 artis
1129 2277 1362 2351 opus:
1417 2252 1547 2325 sed
1598 2252 1870 2350 partim
1910 2252 2171 2349 judicii
2217 2264 2431 2325 natu-

355 2365 552 2453 ralis,
601 2390 746 2462 quo
802 2366 1279 2464 distinguitur
1323 2366 1519 2438 inter
1575 2367 1926 2462 cujusque
1976 2366 2083 2438 rei
2132 2366 2432 2439 essenti-

356 2476 502 2549 alia
535 2490 613 2551 et
646 2501 795 2552 non
829 2480 1267 2570 essentialia,
1301 2479 1574 2577 partim
1606 2479 1885 2576 ingenii
1918 2478 2013 2551 ad
2057 2479 2432 2551 invenien-

360 2588 538 2663 dum
568 2592 797 2664 verba
840 2604 915 2665 et
969 2594 1379 2666 orationem
1429 2593 1778 2691 prompti,
1815 2592 2077 2688 quibus
2130 2617 2219 2666 ea
2266 2616 2431 2688 quae

360 2703 777 2776 essentialia
809 2717 982 2778 sunt
1013 2705 1306 2803 proprie
1343 2715 1418 2779 et
1468 2705 1849 2802 adaequate
1903 2705 2431 2802 significentur.

363 2815 623 2911 Itaque
684 2815 954 2889 diversi
1021 2818 1352 2891 homines
1411 2817 1722 2891 eandem
1782 2817 2136 2892 habentes
2195 2818 2435 2891 ideam

359 2928 574 3002 lineae
607 2941 859 3018 reetae,
894 2953 1045 3004 non
1078 2942 1326 3003 tamen
1361 2930 1672 3003 eandem
1723 2932 1880 3027 ejus
1939 2931 2437 3005 definitionem

362 3042 941 3139 assignaverunt.
1029 3042 1319 3116 Iudicat
1349 3044 1563 3116 nobis
1588 3043 1731 3116 hoc
1764 3042 1928 3117 loco
1958 3044 2248 3117 Clavius
2276 3045 2440 3141 plu-

361 3156 552 3228 rium
591 3156 975 3229 doctorum
1007 3154 1390 3229 hominum
1435 3154 1650 3228 lineae
1693 3165 1919 3228 rectoe
1954 3156 2438 3232 definitiones,

364 3268 607 3342 Primo
654 3268 818 3342 loco
867 3268 1147 3343 Procli:
1201 3291 1488 3363 nempe,
1526 3280 1731 3341 recta
1764 3281 1897 3360 est,
1935 3293 2097 3367 quae
2148 3281 2440 3345 tantum

362 3383 668 3479 praecise
705 3391 1021 3478 occupat
1054 3381 1398 3477 spatium,
1421 3394 1699 3477 quanta
1725 3395 1839 3456 est
1866 3382 2215 3457 distantia
2248 3384 2443 3458 inter

363 3506 641 3590 puncta
696 3497 852 3592 ejus
908 3507 1256 3568 extrema.
1387 3494 1754 3584 Secundo,
1811 3496 2183 3570 Platonis:
2236 3510 2442 3572 recta

367 3619 501 3693 est,
537 3609 743 3704 cujus
790 3608 1229 3683 intermedia
1277 3620 1557 3705 puncta
1602 3609 2045 3683 obumbrant
2092 3623 2440 3683 extrema.

366 3719 641 3808 Tertio,
695 3721 1195 3795 Archimedis:
1253 3735 1459 3796 recta
1503 3733 1618 3795 est
1657 3722 1964 3796 minima
2014 3723 2442 3797 habentium

368 3831 722 3906 terminos
788 3833 1105 3908 eosdem.
1235 3835 1546 3923 Quarto,
1603 3835 1997 3932 Campani:
2068 3848 2272 3909 recta
2330 3848 2445 3910 est

368 3944 794 4019 brevissima
825 3970 871 4018 a
901 3960 1178 4042 puncto
1212 3947 1307 4021 ad
1342 3961 1698 4044 punctum
1733 3949 2084 4023 extensio.
2139 3947 2442 4036 Quinto,

371 4081 627 4132 eorum
664 4059 789 4155 qui
837 4059 1115 4149 dicunt,
1150 4073 1428 4135 rectam
1473 4085 1653 4151 esse,
1692 4085 1856 4157 quae
1907 4060 2347 4134 describitur
2399 4085 2445 4133 a

370 4181 646 4268 puncto
673 4183 873 4245 moto
901 4195 1036 4244 nec
1062 4173 1473 4248 vacillante.
1529 4174 1817 4248 Quibus
1844 4197 1979 4270 ego
2007 4171 2199 4246 addo
2226 4172 2446 4246 aliam

371 4282 701 4358 authoris
734 4284 1161 4360 recentioris
1193 4315 1210 4358 :
1265 4298 1470 4360 recta
1503 4298 1616 4360 est
1650 4288 1861 4384 cujus
1896 4286 2216 4374 termini,
2247 4287 2447 4362 salva

375 4397 806 4494 quantitate,
845 4396 1093 4471 diduci
1129 4423 1279 4473 non
1305 4412 1637 4496 possunt.
