<?xml version="1.0" encoding="UTF-8"?>
<!DOCTYPE html PUBLIC "-//W3C//DTD XHTML 1.0 Transitional//EN"
    "http://www.w3.org/TR/xhtml1/DTD/xhtml1-transitional.dtd">
<html xmlns="http://www.w3.org/1999/xhtml" xml:lang="en" lang="en">
 <head>
  <title>
</title>
<meta http-equiv="Content-Type" content="text/html;charset=utf-8" />
  <meta name='ocr-system' content='tesseract 3.04.00' />
  <meta name='ocr-capabilities' content='ocr_page ocr_carea ocr_par ocr_line ocrx_word'/>
</head>
<body>
  <div class='ocr_page' id='page_1' title='image "./thomhobbesmalme02molegoog_0372.png"; bbox 0 0 3094 5125; ppageno 0'>
   <div class='ocr_carea' id='block_1_1' title="bbox 587 373 2141 442">
    <p class='ocr_par' dir='ltr' id='par_1_1' title="bbox 587 373 2141 442">
     <span class='ocr_line' id='line_1_1' title="bbox 587 373 2141 442; baseline 0.003 -7"><span class='ocrx_word' id='word_1_1' title='bbox 587 423 592 429; x_wconf 69' lang='grc'><strong><em>,</em></strong></span> <span class='ocrx_word' id='word_1_2' title='bbox 619 373 764 440; x_wconf 92' lang='grc'><strong>360</strong></span> <span class='ocrx_word' id='word_1_3' title='bbox 1168 388 1725 442; x_wconf 80' lang='lat' dir='ltr'><strong>PROBLEMATA</strong></span> <span class='ocrx_word' id='word_1_4' title='bbox 1767 390 2141 442; x_wconf 75' lang='lat' dir='ltr'><strong>PanmA.</strong></span> 
     </span>
    </p>
   </div>
   <div class='ocr_carea' id='block_1_2' title="bbox 617 839 2702 1065">
    <p class='ocr_par' dir='ltr' id='par_1_2' title="bbox 617 839 2702 1065">
     <span class='ocr_line' id='line_1_2' title="bbox 617 839 2702 914; baseline -0 -2"><span class='ocrx_word' id='word_1_5' title='bbox 617 839 1391 913; x_wconf 86' lang='lat' dir='ltr'><strong>PROPOSITIONES</strong></span> <span class='ocrx_word' id='word_1_6' title='bbox 1482 840 1661 913; x_wconf 89' lang='lat' dir='ltr'><strong>XVI</strong></span> <span class='ocrx_word' id='word_1_7' title='bbox 1750 840 1880 913; x_wconf 89' lang='lat' dir='ltr'><strong>DE</strong></span> <span class='ocrx_word' id='word_1_8' title='bbox 1977 839 2702 914; x_wconf 88' lang='lat' dir='ltr'><strong>MAGNITUDINE</strong></span> 
     </span>
     <span class='ocr_line' id='line_1_3' title="bbox 1437 991 1868 1065; baseline -0.002 -2"><span class='ocrx_word' id='word_1_9' title='bbox 1437 991 1868 1065; x_wconf 89' lang='lat' dir='ltr'>CIRCULI.</span> 
     </span>
    </p>
   </div>
   <div class='ocr_carea' id='block_1_3' title="bbox 1509 1214 1805 1228">
    <p class='ocr_par' dir='ltr' id='par_1_3' title="bbox 1509 1214 1805 1228">
     <span class='ocr_line' id='line_1_4' title="bbox 1509 1214 1805 1228; baseline 0 0"><span class='ocrx_word' id='word_1_10' title='bbox 1509 1214 1805 1228; x_wconf 95' lang='lat' dir='ltr'><strong> </strong></span> 
     </span>
    </p>
   </div>
   <div class='ocr_carea' id='block_1_4' title="bbox 738 1364 2561 1544">
    <p class='ocr_par' dir='ltr' id='par_1_4' title="bbox 738 1364 2561 1544">
     <span class='ocr_line' id='line_1_5' title="bbox 738 1364 2561 1419; baseline -0.001 -2"><span class='ocrx_word' id='word_1_11' title='bbox 738 1366 847 1417; x_wconf 81' lang='lat' dir='ltr'><strong>AD</strong></span> <span class='ocrx_word' id='word_1_12' title='bbox 910 1365 1354 1417; x_wconf 82' lang='lat' dir='ltr'>LECTOREM</span> <span class='ocrx_word' id='word_1_13' title='bbox 1406 1365 2017 1417; x_wconf 78' lang='lat' dir='ltr'><strong>CYCLOMETRIAE·</strong></span> <span class='ocrx_word' id='word_1_14' title='bbox 2069 1364 2561 1419; x_wconf 84' lang='lat' dir='ltr'>STUDIOSUM</span> 
     </span>
     <span class='ocr_line' id='line_1_6' title="bbox 1282 1491 2015 1544; baseline -0.003 0"><span class='ocrx_word' id='word_1_15' title='bbox 1282 1491 2015 1544; x_wconf 74' lang='lat' dir='ltr'>PRAEFATIUNCULA.</span> 
     </span>
    </p>
   </div>
   <div class='ocr_carea' id='block_1_5' title="bbox 606 1619 2689 2850">
    <p class='ocr_par' dir='ltr' id='par_1_5' title="bbox 606 1619 2689 2850">
     <span class='ocr_line' id='line_1_7' title="bbox 614 1619 2689 1717; baseline 0 -24"><span class='ocrx_word' id='word_1_16' title='bbox 614 1620 739 1694; x_wconf 80' lang='grc' dir='ltr'><strong>ΝΕ</strong></span> <span class='ocrx_word' id='word_1_17' title='bbox 814 1622 1282 1696; x_wconf 90' lang='lat' dir='ltr'><strong>multitudine</strong></span> <span class='ocrx_word' id='word_1_18' title='bbox 1351 1622 1708 1694; x_wconf 89' lang='lat' dir='ltr'><strong>linearum</strong></span> <span class='ocrx_word' id='word_1_19' title='bbox 1772 1621 1848 1693; x_wconf 88' lang='lat' dir='ltr'><strong>in</strong></span> <span class='ocrx_word' id='word_1_20' title='bbox 1919 1621 2446 1717; x_wconf 84' lang='lat' dir='ltr'>diagrammate</span> <span class='ocrx_word' id='word_1_21' title='bbox 2491 1645 2537 1693; x_wconf 87' lang='lat' dir='ltr'><strong>a</strong></span> <span class='ocrx_word' id='word_1_22' title='bbox 2583 1619 2689 1693; x_wconf 88' lang='lat' dir='ltr'><strong>le-</strong></span> 
     </span>
     <span class='ocr_line' id='line_1_8' title="bbox 610 1733 2688 1829; baseline 0 -23"><span class='ocrx_word' id='word_1_23' title='bbox 610 1734 856 1829; x_wconf 85' lang='lat' dir='ltr'><strong>gendo</strong></span> <span class='ocrx_word' id='word_1_24' title='bbox 904 1733 1340 1825; x_wconf 70' lang='lat' dir='ltr'><strong>deterream,</strong></span> <span class='ocrx_word' id='word_1_25' title='bbox 1378 1734 1785 1808; x_wconf 91' lang='lat' dir='ltr'><strong>monendus</strong></span> <span class='ocrx_word' id='word_1_26' title='bbox 1832 1759 1931 1823; x_wconf 78' lang='lat' dir='ltr'><strong>eS,</strong></span> <span class='ocrx_word' id='word_1_27' title='bbox 1968 1736 2330 1807; x_wconf 89' lang='lat' dir='ltr'><strong>rationem</strong></span> <span class='ocrx_word' id='word_1_28' title='bbox 2374 1734 2688 1806; x_wconf 91' lang='lat' dir='ltr'><strong>circum-</strong></span> 
     </span>
     <span class='ocr_line' id='line_1_9' title="bbox 611 1847 2687 1923; baseline 0 -3"><span class='ocrx_word' id='word_1_29' title='bbox 611 1847 946 1922; x_wconf 86' lang='lat' dir='ltr'><strong>ferentiae</strong></span> <span class='ocrx_word' id='word_1_30' title='bbox 994 1850 1249 1922; x_wconf 88' lang='lat' dir='ltr'><strong>circuli</strong></span> <span class='ocrx_word' id='word_1_31' title='bbox 1303 1850 1397 1922; x_wconf 92' lang='lat' dir='ltr'><strong>ad</strong></span> <span class='ocrx_word' id='word_1_32' title='bbox 1445 1850 1882 1923; x_wconf 85' lang='lat' dir='ltr'><strong>diametrum</strong></span> <span class='ocrx_word' id='word_1_33' title='bbox 1918 1848 2492 1921; x_wconf 83' lang='lat' dir='ltr'><strong>demonstratam</strong></span> <span class='ocrx_word' id='word_1_34' title='bbox 2527 1871 2687 1920; x_wconf 91' lang='lat' dir='ltr'><strong>esse</strong></span> 
     </span>
     <span class='ocr_line' id='line_1_10' title="bbox 612 1961 2686 2058; baseline -0 -25"><span class='ocrx_word' id='word_1_35' title='bbox 612 1985 658 2033; x_wconf 91' lang='lat' dir='ltr'><strong>a</strong></span> <span class='ocrx_word' id='word_1_36' title='bbox 710 1963 1253 2035; x_wconf 87' lang='lat' dir='ltr'><strong>constructione</strong></span> <span class='ocrx_word' id='word_1_37' title='bbox 1314 1962 1574 2058; x_wconf 90' lang='lat' dir='ltr'><strong>prima,</strong></span> <span class='ocrx_word' id='word_1_38' title='bbox 1634 1973 2017 2035; x_wconf 87' lang='lat' dir='ltr'><strong>constante</strong></span> <span class='ocrx_word' id='word_1_39' title='bbox 2073 1985 2164 2033; x_wconf 86' lang='lat' dir='ltr'><strong>ex</strong></span> <span class='ocrx_word' id='word_1_40' title='bbox 2233 1961 2444 2033; x_wconf 91' lang='lat' dir='ltr'><strong>lineis</strong></span> <span class='ocrx_word' id='word_1_41' title='bbox 2507 1961 2686 2033; x_wconf 89' lang='lat' dir='ltr'><strong>satis</strong></span> 
     </span>
     <span class='ocr_line' id='line_1_11' title="bbox 609 2073 2687 2171; baseline -0 -24"><span class='ocrx_word' id='word_1_42' title='bbox 609 2076 887 2169; x_wconf 87' lang='lat' dir='ltr'><strong>paucis,</strong></span> <span class='ocrx_word' id='word_1_43' title='bbox 931 2087 1006 2148; x_wconf 91' lang='lat' dir='ltr'><strong>et</strong></span> <span class='ocrx_word' id='word_1_44' title='bbox 1050 2075 1262 2148; x_wconf 88' lang='lat' dir='ltr'><strong>facile</strong></span> <span class='ocrx_word' id='word_1_45' title='bbox 1310 2074 1869 2171; x_wconf 81' lang='lat' dir='ltr'><strong>distinguendis,</strong></span> <span class='ocrx_word' id='word_1_46' title='bbox 1975 2074 2226 2146; x_wconf 91' lang='lat' dir='ltr'><strong>Habes</strong></span> <span class='ocrx_word' id='word_1_47' title='bbox 2272 2097 2447 2168; x_wconf 84' lang='lat' dir='ltr'><strong>ergo</strong></span> <span class='ocrx_word' id='word_1_48' title='bbox 2485 2073 2687 2169; x_wconf 92' lang='lat' dir='ltr'><strong>quod</strong></span> 
     </span>
     <span class='ocr_line' id='line_1_12' title="bbox 608 2186 2685 2284; baseline 0 -25"><span class='ocrx_word' id='word_1_49' title='bbox 608 2189 974 2284; x_wconf 90' lang='lat' dir='ltr'><strong>promittit</strong></span> <span class='ocrx_word' id='word_1_50' title='bbox 1009 2189 1290 2276; x_wconf 80' lang='lat' dir='ltr'><strong>tituluS,</strong></span> <span class='ocrx_word' id='word_1_51' title='bbox 1326 2189 1403 2260; x_wconf 91' lang='lat' dir='ltr'><strong>in</strong></span> <span class='ocrx_word' id='word_1_52' title='bbox 1441 2188 1722 2260; x_wconf 86' lang='lat' dir='ltr'><strong>duabus</strong></span> <span class='ocrx_word' id='word_1_53' title='bbox 1768 2187 2019 2282; x_wconf 89' lang='lat' dir='ltr'><strong>primis</strong></span> <span class='ocrx_word' id='word_1_54' title='bbox 2061 2186 2685 2281; x_wconf 85' lang='lat' dir='ltr'><strong>propositionibus</strong></span> 
     </span>
     <span class='ocr_line' id='line_1_13' title="bbox 606 2299 2687 2397; baseline -0 -24"><span class='ocrx_word' id='word_1_55' title='bbox 606 2301 823 2397; x_wconf 90' lang='lat' dir='ltr'><strong>plene</strong></span> <span class='ocrx_word' id='word_1_56' title='bbox 855 2301 1287 2397; x_wconf 88' lang='lat' dir='ltr'><strong>praestitum.</strong></span> <span class='ocrx_word' id='word_1_57' title='bbox 1394 2301 1472 2371; x_wconf 88' lang='lat' dir='ltr'><strong>Si</strong></span> <span class='ocrx_word' id='word_1_58' title='bbox 1500 2311 1747 2371; x_wconf 87' lang='lat' dir='ltr'><strong>tamen</strong></span> <span class='ocrx_word' id='word_1_59' title='bbox 1773 2299 2351 2395; x_wconf 88' lang='lat' dir='ltr'><strong>propositionum</strong></span> <span class='ocrx_word' id='word_1_60' title='bbox 2380 2311 2687 2372; x_wconf 89' lang='lat' dir='ltr'><strong>caetera-</strong></span> 
     </span>
     <span class='ocr_line' id='line_1_14' title="bbox 609 2412 2684 2510; baseline -0.001 -23"><span class='ocrx_word' id='word_1_61' title='bbox 609 2438 773 2487; x_wconf 93' lang='lat' dir='ltr'><strong>rum</strong></span> <span class='ocrx_word' id='word_1_62' title='bbox 807 2412 1302 2510; x_wconf 86' lang='lat' dir='ltr'><strong>pulchritudo,</strong></span> <span class='ocrx_word' id='word_1_63' title='bbox 1331 2426 1417 2485; x_wconf 90' lang='lat' dir='ltr'><strong>ut</strong></span> <span class='ocrx_word' id='word_1_64' title='bbox 1450 2412 1737 2484; x_wconf 89' lang='lat' dir='ltr'><strong>illarum</strong></span> <span class='ocrx_word' id='word_1_65' title='bbox 1774 2413 1996 2484; x_wconf 88' lang='lat' dir='ltr'><strong>etiam</strong></span> <span class='ocrx_word' id='word_1_66' title='bbox 2025 2412 2684 2504; x_wconf 82' lang='lat' dir='ltr'><strong>demonstrationes</strong></span> 
     </span>
     <span class='ocr_line' id='line_1_15' title="bbox 607 2524 2686 2623; baseline 0 -25"><span class='ocrx_word' id='word_1_67' title='bbox 607 2527 854 2623; x_wconf 86' lang='lat' dir='ltr'><strong>legere</strong></span> <span class='ocrx_word' id='word_1_68' title='bbox 889 2538 964 2600; x_wconf 92' lang='lat' dir='ltr'><strong>et</strong></span> <span class='ocrx_word' id='word_1_69' title='bbox 998 2525 1413 2600; x_wconf 81' lang='lat' dir='ltr'><strong>examinare</strong></span> <span class='ocrx_word' id='word_1_70' title='bbox 1449 2525 1653 2614; x_wconf 88' lang='lat' dir='ltr'><strong>velis,</strong></span> <span class='ocrx_word' id='word_1_71' title='bbox 1698 2524 2023 2614; x_wconf 90' lang='lat' dir='ltr'><strong>suadeat,</strong></span> <span class='ocrx_word' id='word_1_72' title='bbox 2061 2550 2105 2599; x_wconf 94' lang='lat' dir='ltr'><strong>a</strong></span> <span class='ocrx_word' id='word_1_73' title='bbox 2137 2525 2347 2599; x_wconf 90' lang='lat' dir='ltr'><strong>lineis</strong></span> <span class='ocrx_word' id='word_1_74' title='bbox 2383 2525 2686 2621; x_wconf 89' lang='lat' dir='ltr'><strong>reliquis</strong></span> 
     </span>
     <span class='ocr_line' id='line_1_16' title="bbox 610 2640 2685 2736; baseline 0 -25"><span class='ocrx_word' id='word_1_75' title='bbox 610 2640 968 2712; x_wconf 88' lang='lat' dir='ltr'><strong>minorem</strong></span> <span class='ocrx_word' id='word_1_76' title='bbox 1021 2640 1319 2713; x_wconf 91' lang='lat' dir='ltr'><strong>habebis</strong></span> <span class='ocrx_word' id='word_1_77' title='bbox 1370 2640 1827 2712; x_wconf 90' lang='lat' dir='ltr'><strong>molestiam:</strong></span> <span class='ocrx_word' id='word_1_78' title='bbox 1882 2651 1957 2713; x_wconf 95' lang='lat' dir='ltr'><strong>et</strong></span> <span class='ocrx_word' id='word_1_79' title='bbox 1993 2652 2268 2735; x_wconf 89' lang='lat' dir='ltr'><strong>quanto</strong></span> <span class='ocrx_word' id='word_1_80' title='bbox 2314 2640 2478 2736; x_wconf 92' lang='lat' dir='ltr'><strong>plus</strong></span> <span class='ocrx_word' id='word_1_81' title='bbox 2512 2663 2685 2736; x_wconf 91' lang='lat' dir='ltr'><strong>pro-</strong></span> 
     </span>
     <span class='ocr_line' id='line_1_17' title="bbox 609 2750 2681 2850; baseline 0.001 -26"><span class='ocrx_word' id='word_1_82' title='bbox 609 2750 988 2848; x_wconf 86' lang='lat' dir='ltr'><strong>gredieris,</strong></span> <span class='ocrx_word' id='word_1_83' title='bbox 1017 2765 1224 2827; x_wconf 90' lang='lat' dir='ltr'><strong>tanto</strong></span> <span class='ocrx_word' id='word_1_84' title='bbox 1259 2777 1545 2850; x_wconf 89' lang='lat' dir='ltr'><strong>semper</strong></span> <span class='ocrx_word' id='word_1_85' title='bbox 1569 2754 1763 2827; x_wconf 88' lang='lat' dir='ltr'><strong>viam</strong></span> <span class='ocrx_word' id='word_1_86' title='bbox 1792 2753 2117 2827; x_wconf 88' lang='lat' dir='ltr'><strong>invenies</strong></span> <span class='ocrx_word' id='word_1_87' title='bbox 2143 2753 2681 2850; x_wconf 87' lang='lat' dir='ltr'><strong>procliviorem.</strong></span> 
     </span>
    </p>
   </div>
   <div class='ocr_carea' id='block_1_6' title="bbox 1455 3003 1844 3012">
    <p class='ocr_par' dir='ltr' id='par_1_6' title="bbox 1455 3003 1844 3012">
     <span class='ocr_line' id='line_1_18' title="bbox 1455 3003 1844 3012; baseline 0.003 -2"><span class='ocrx_word' id='word_1_88' title='bbox 1455 3003 1844 3012; x_wconf 77' lang='lat'><strong>———</strong></span> 
     </span>
    </p>
   </div>
   <div class='ocr_carea' id='block_1_7' title="bbox 1454 3014 1846 3032">
    <p class='ocr_par' dir='ltr' id='par_1_7' title="bbox 1454 3014 1846 3032">
     <span class='ocr_line' id='line_1_19' title="bbox 1454 3014 1846 3032; baseline 0 0"><span class='ocrx_word' id='word_1_89' title='bbox 1454 3014 1846 3032; x_wconf 95' lang='lat' dir='ltr'><strong> </strong></span> 
     </span>
    </p>
   </div>
   <div class='ocr_carea' id='block_1_8' title="bbox 1174 3202 1971 3283">
    <p class='ocr_par' dir='ltr' id='par_1_8' title="bbox 1174 3202 1971 3283">
     <span class='ocr_line' id='line_1_20' title="bbox 1174 3202 1971 3283; baseline -0.003 -2"><span class='ocrx_word' id='word_1_90' title='bbox 1174 3202 1177 3207; x_wconf 72' lang='grc'><strong>’</strong></span> <span class='ocrx_word' id='word_1_91' title='bbox 1301 3229 1878 3283; x_wconf 77' lang='lat' dir='ltr'><strong>coNsTauc&#39;rlo</strong></span> <span class='ocrx_word' id='word_1_92' title='bbox 1918 3230 1971 3280; x_wconf 93' lang='lat'><strong>1.</strong></span> 
     </span>
    </p>
   </div>
   <div class='ocr_carea' id='block_1_9' title="bbox 211 3381 2678 4273">
    <p class='ocr_par' dir='ltr' id='par_1_9' title="bbox 211 3381 2678 3707">
     <span class='ocr_line' id='line_1_21' title="bbox 211 3381 2678 3479; baseline -0.001 -21"><span class='ocrx_word' id='word_1_93' title='bbox 211 3418 558 3460; x_wconf 68' lang='lat' dir='ltr'><strong>consmuc-</strong></span> <span class='ocrx_word' id='word_1_94' title='bbox 606 3381 1200 3456; x_wconf 66' lang='lat' dir='ltr'><strong>Dnscmnuun</strong></span> <span class='ocrx_word' id='word_1_95' title='bbox 1239 3384 1675 3479; x_wconf 88' lang='lat' dir='ltr'><strong>quadratum</strong></span> <span class='ocrx_word' id='word_1_96' title='bbox 1709 3383 2027 3472; x_wconf 90' lang='lat' dir='ltr'>ABCD‚</span> <span class='ocrx_word' id='word_1_97' title='bbox 2066 3394 2141 3456; x_wconf 91' lang='lat' dir='ltr'><strong>et</strong></span> <span class='ocrx_word' id='word_1_98' title='bbox 2186 3383 2554 3456; x_wconf 87' lang='lat' dir='ltr'><strong>dividatur</strong></span> <span class='ocrx_word' id='word_1_99' title='bbox 2600 3382 2678 3456; x_wconf 92' lang='lat' dir='ltr'><strong>in</strong></span> 
     </span>
     <span class='ocr_line' id='line_1_22' title="bbox 322 3496 2676 3593; baseline 0.001 -27"><span class='ocrx_word' id='word_1_100' title='bbox 322 3501 437 3540; x_wconf 71' lang='lat'><strong>²⁸¹0·</strong></span> <span class='ocrx_word' id='word_1_101' title='bbox 605 3505 920 3592; x_wconf 89' lang='lat' dir='ltr'><strong>quatuor</strong></span> <span class='ocrx_word' id='word_1_102' title='bbox 945 3496 1304 3591; x_wconf 89' lang='lat' dir='ltr'><strong>quadrata</strong></span> <span class='ocrx_word' id='word_1_103' title='bbox 1335 3497 1645 3593; x_wconf 86' lang='lat' dir='ltr'><strong>aequalia</strong></span> <span class='ocrx_word' id='word_1_104' title='bbox 1678 3522 1723 3570; x_wconf 92' lang='lat' dir='ltr'><strong>a</strong></span> <span class='ocrx_word' id='word_1_105' title='bbox 1758 3496 2036 3570; x_wconf 91' lang='lat' dir='ltr'><strong>duabus</strong></span> <span class='ocrx_word' id='word_1_106' title='bbox 2063 3496 2281 3570; x_wconf 90' lang='lat' dir='ltr'><strong>rectis</strong></span> <span class='ocrx_word' id='word_1_107' title='bbox 2315 3496 2468 3585; x_wconf 89' lang='lat' dir='ltr'><strong>EF,</strong></span> <span class='ocrx_word' id='word_1_108' title='bbox 2497 3496 2676 3586; x_wconf 91' lang='lat' dir='ltr'><strong>GH,</strong></span> 
     </span>
     <span class='ocr_line' id='line_1_23' title="bbox 602 3607 2677 3707; baseline 0.001 -27"><span class='ocrx_word' id='word_1_109' title='bbox 602 3632 680 3681; x_wconf 88' lang='lat' dir='ltr'><strong>se</strong></span> <span class='ocrx_word' id='word_1_110' title='bbox 715 3619 970 3680; x_wconf 92' lang='lat' dir='ltr'><strong>mutuo</strong></span> <span class='ocrx_word' id='word_1_111' title='bbox 1008 3610 1426 3683; x_wconf 87' lang='lat' dir='ltr'><strong>secantibus</strong></span> <span class='ocrx_word' id='word_1_112' title='bbox 1460 3611 1536 3684; x_wconf 90' lang='lat' dir='ltr'><strong>in</strong></span> <span class='ocrx_word' id='word_1_113' title='bbox 1574 3611 1653 3695; x_wconf 88' lang='lat' dir='ltr'><strong>I;</strong></span> <span class='ocrx_word' id='word_1_114' title='bbox 1708 3610 2211 3707; x_wconf 89' lang='lat' dir='ltr'><strong>ducanturque</strong></span> <span class='ocrx_word' id='word_1_115' title='bbox 2254 3607 2677 3705; x_wconf 85' lang='lat' dir='ltr'><strong>diagonales</strong></span> 
     </span>
    </p>

    <p class='ocr_par' dir='ltr' id='par_1_10' title="bbox 600 3721 2676 3819">
     <span class='ocr_line' id='line_1_24' title="bbox 600 3721 2676 3819; baseline 0 -25"><span class='ocrx_word' id='word_1_116' title='bbox 600 3721 763 3810; x_wconf 90' lang='lat' dir='ltr'><strong>AC,</strong></span> <span class='ocrx_word' id='word_1_117' title='bbox 802 3722 967 3795; x_wconf 92' lang='lat' dir='ltr'><strong>BD.</strong></span> <span class='ocrx_word' id='word_1_118' title='bbox 1071 3721 1341 3796; x_wconf 90' lang='lat' dir='ltr'><strong>Centro</strong></span> <span class='ocrx_word' id='word_1_119' title='bbox 1377 3725 1468 3813; x_wconf 92' lang='lat' dir='ltr'><strong>A,</strong></span> <span class='ocrx_word' id='word_1_120' title='bbox 1504 3723 1712 3798; x_wconf 90' lang='lat' dir='ltr'><strong>radio</strong></span> <span class='ocrx_word' id='word_1_121' title='bbox 1747 3724 1885 3797; x_wconf 93' lang='lat' dir='ltr'><strong>AB</strong></span> <span class='ocrx_word' id='word_1_122' title='bbox 1923 3724 2236 3798; x_wconf 90' lang='lat' dir='ltr'><strong>ducatur</strong></span> <span class='ocrx_word' id='word_1_123' title='bbox 2259 3747 2471 3797; x_wconf 90' lang='lat' dir='ltr'><strong>arcus</strong></span> <span class='ocrx_word' id='word_1_124' title='bbox 2498 3747 2676 3819; x_wconf 90' lang='lat' dir='ltr'><strong>qua-</strong></span> 
     </span>
    </p>

    <p class='ocr_par' dir='ltr' id='par_1_11' title="bbox 600 3835 2673 3927">
     <span class='ocr_line' id='line_1_25' title="bbox 600 3835 2673 3927; baseline 0 -20"><span class='ocrx_word' id='word_1_125' title='bbox 600 3835 879 3908; x_wconf 91' lang='lat' dir='ltr'><strong>drantis</strong></span> <span class='ocrx_word' id='word_1_126' title='bbox 918 3835 1083 3924; x_wconf 92' lang='lat' dir='ltr'><strong>BD,</strong></span> <span class='ocrx_word' id='word_1_127' title='bbox 1121 3859 1375 3910; x_wconf 89' lang='lat' dir='ltr'><strong>secans</strong></span> <span class='ocrx_word' id='word_1_128' title='bbox 1409 3850 1688 3911; x_wconf 88' lang='lat' dir='ltr'><strong>rectam</strong></span> <span class='ocrx_word' id='word_1_129' title='bbox 1723 3838 1854 3910; x_wconf 88' lang='lat' dir='ltr'><strong>EF</strong></span> <span class='ocrx_word' id='word_1_130' title='bbox 1888 3839 1965 3911; x_wconf 90' lang='lat' dir='ltr'><strong>in</strong></span> <span class='ocrx_word' id='word_1_131' title='bbox 1993 3838 2086 3927; x_wconf 90' lang='lat' dir='ltr'><strong>K,</strong></span> <span class='ocrx_word' id='word_1_132' title='bbox 2111 3849 2185 3911; x_wconf 91' lang='lat' dir='ltr'><strong>et</strong></span> <span class='ocrx_word' id='word_1_133' title='bbox 2218 3847 2494 3910; x_wconf 90' lang='lat' dir='ltr'><strong>rectam</strong></span> <span class='ocrx_word' id='word_1_134' title='bbox 2521 3836 2673 3910; x_wconf 88' lang='lat' dir='ltr'><strong>GH</strong></span> 
     </span>
    </p>

    <p class='ocr_par' dir='ltr' id='par_1_12' title="bbox 599 3949 2677 4046">
     <span class='ocr_line' id='line_1_26' title="bbox 599 3949 2677 4046; baseline 0 -25"><span class='ocrx_word' id='word_1_135' title='bbox 599 3949 673 4021; x_wconf 90' lang='lat' dir='ltr'><strong>in</strong></span> <span class='ocrx_word' id='word_1_136' title='bbox 730 3949 800 4038; x_wconf 77' lang='lat' dir='ltr'><strong>k,</strong></span> <span class='ocrx_word' id='word_1_137' title='bbox 855 3962 931 4022; x_wconf 92' lang='lat' dir='ltr'><strong>et</strong></span> <span class='ocrx_word' id='word_1_138' title='bbox 993 3949 1132 4023; x_wconf 91' lang='lat' dir='ltr'><strong>AC</strong></span> <span class='ocrx_word' id='word_1_139' title='bbox 1192 3949 1269 4022; x_wconf 89' lang='lat' dir='ltr'><strong>in</strong></span> <span class='ocrx_word' id='word_1_140' title='bbox 1306 3951 1362 4022; x_wconf 92' lang='lat' dir='ltr'>P</span> <span class='ocrx_word' id='word_1_141' title='bbox 1391 3982 1410 4036; x_wconf 92' lang='lat'>;</span> <span class='ocrx_word' id='word_1_142' title='bbox 1462 3950 1713 4046; x_wconf 88' lang='lat' dir='ltr'><strong>itaque</strong></span> <span class='ocrx_word' id='word_1_143' title='bbox 1773 3974 1986 4024; x_wconf 90' lang='lat' dir='ltr'><strong>arcus</strong></span> <span class='ocrx_word' id='word_1_144' title='bbox 2044 3950 2184 4024; x_wconf 93' lang='lat' dir='ltr'><strong>BD</strong></span> <span class='ocrx_word' id='word_1_145' title='bbox 2239 3961 2478 4023; x_wconf 88' lang='lat' dir='ltr'><strong>sectus</strong></span> <span class='ocrx_word' id='word_1_146' title='bbox 2533 3949 2677 4022; x_wconf 90' lang='lat' dir='ltr'><strong>erit</strong></span> 
     </span>
    </p>

    <p class='ocr_par' dir='ltr' id='par_1_13' title="bbox 599 4062 2672 4150">
     <span class='ocr_line' id='line_1_27' title="bbox 599 4062 2672 4150; baseline 0 -15"><span class='ocrx_word' id='word_1_147' title='bbox 599 4062 934 4135; x_wconf 90' lang='lat' dir='ltr'><strong>bifariam</strong></span> <span class='ocrx_word' id='word_1_148' title='bbox 995 4062 1071 4134; x_wconf 91' lang='lat' dir='ltr'><strong>in</strong></span> <span class='ocrx_word' id='word_1_149' title='bbox 1128 4063 1206 4135; x_wconf 90' lang='lat' dir='ltr'><strong>P.</strong></span> <span class='ocrx_word' id='word_1_150' title='bbox 1342 4063 1675 4138; x_wconf 91' lang='lat' dir='ltr'><strong>Ducatur</strong></span> <span class='ocrx_word' id='word_1_151' title='bbox 1731 4064 1880 4138; x_wconf 82' lang='grc' dir='ltr'><strong>ΒΚ</strong></span> <span class='ocrx_word' id='word_1_152' title='bbox 1918 4088 2172 4137; x_wconf 85' lang='lat' dir='ltr'><strong>secans</strong></span> <span class='ocrx_word' id='word_1_153' title='bbox 2233 4064 2378 4137; x_wconf 87' lang='lat' dir='ltr'><strong>Ac</strong></span> <span class='ocrx_word' id='word_1_154' title='bbox 2442 4064 2517 4135; x_wconf 89' lang='lat' dir='ltr'><strong>in</strong></span> <span class='ocrx_word' id='word_1_155' title='bbox 2581 4062 2672 4150; x_wconf 90' lang='lat' dir='ltr'><strong>O,</strong></span> 
     </span>
    </p>

    <p class='ocr_par' dir='ltr' id='par_1_14' title="bbox 597 4174 2673 4273">
     <span class='ocr_line' id='line_1_28' title="bbox 597 4174 2673 4273; baseline 0.001 -27"><span class='ocrx_word' id='word_1_156' title='bbox 597 4187 671 4247; x_wconf 90' lang='lat' dir='ltr'><strong>et</strong></span> <span class='ocrx_word' id='word_1_157' title='bbox 704 4174 1154 4272; x_wconf 88' lang='lat' dir='ltr'><strong>producatur</strong></span> <span class='ocrx_word' id='word_1_158' title='bbox 1188 4177 1284 4250; x_wconf 90' lang='lat' dir='ltr'><strong>ad</strong></span> <span class='ocrx_word' id='word_1_159' title='bbox 1320 4177 1456 4251; x_wconf 89' lang='lat' dir='ltr'><strong>BC</strong></span> <span class='ocrx_word' id='word_1_160' title='bbox 1492 4179 1572 4252; x_wconf 92' lang='lat' dir='ltr'><strong>in</strong></span> <span class='ocrx_word' id='word_1_161' title='bbox 1616 4179 1723 4252; x_wconf 93' lang='lat' dir='ltr'><strong>M.</strong></span> <span class='ocrx_word' id='word_1_162' title='bbox 1832 4179 1921 4251; x_wconf 94' lang='lat' dir='ltr'><strong>In</strong></span> <span class='ocrx_word' id='word_1_163' title='bbox 1976 4178 2334 4273; x_wconf 91' lang='lat' dir='ltr'><strong>producta</strong></span> <span class='ocrx_word' id='word_1_164' title='bbox 2381 4176 2518 4249; x_wconf 89' lang='lat' dir='ltr'><strong>BC</strong></span> <span class='ocrx_word' id='word_1_165' title='bbox 2551 4200 2673 4249; x_wconf 91' lang='lat' dir='ltr'><strong>su-</strong></span> 
     </span>
    </p>
   </div>
   <div class='ocr_carea' id='block_1_10' title="bbox 594 4289 2673 4387">
    <p class='ocr_par' dir='ltr' id='par_1_15' title="bbox 594 4289 2673 4387">
     <span class='ocr_line' id='line_1_29' title="bbox 594 4289 2673 4387; baseline 0.001 -27"><span class='ocrx_word' id='word_1_166' title='bbox 594 4299 837 4361; x_wconf 89' lang='lat' dir='ltr'><strong>matur</strong></span> <span class='ocrx_word' id='word_1_167' title='bbox 872 4289 994 4362; x_wconf 93' lang='lat' dir='ltr'><strong>CL</strong></span> <span class='ocrx_word' id='word_1_168' title='bbox 1027 4291 1324 4387; x_wconf 86' lang='lat' dir='ltr'><strong>aequalis</strong></span> <span class='ocrx_word' id='word_1_169' title='bbox 1360 4292 1530 4368; x_wconf 91' lang='lat' dir='ltr'><strong>CM.</strong></span> <span class='ocrx_word' id='word_1_170' title='bbox 1614 4294 1799 4368; x_wconf 90' lang='lat' dir='ltr'><strong>Item</strong></span> <span class='ocrx_word' id='word_1_171' title='bbox 1833 4293 1911 4367; x_wconf 91' lang='lat' dir='ltr'><strong>in</strong></span> <span class='ocrx_word' id='word_1_172' title='bbox 1947 4292 2079 4366; x_wconf 86' lang='lat' dir='ltr'><strong>Dc</strong></span> <span class='ocrx_word' id='word_1_173' title='bbox 2117 4303 2448 4367; x_wconf 90' lang='lat' dir='ltr'><strong>sumatur</strong></span> <span class='ocrx_word' id='word_1_174' title='bbox 2467 4302 2673 4364; x_wconf 86' lang='lat' dir='ltr'><strong>recta</strong></span> 
     </span>
    </p>
   </div>
  </div>
 </body>
</html>
