3094 5125
1019 517 1685 572 anonam-nanum.
2241 495 2388 571 447

1127 808 1335 883 CAP.
1404 808 1578 882 XX.

813 991 920 1044 DE:
960 992 1501 1045 DIMENSIONE
1542 990 1897 1044 cmcULI.

313 1132 758 1206 PmNcrmA
811 1131 954 1204 ista
1004 1157 1168 1229 quae
1216 1156 1439 1230 supra
1473 1157 1518 1206 a
1554 1156 1670 1206 me
1711 1130 2158 1227 reprehensa
2193 1140 2395 1217 sunt,
2488 1161 2623 1202 cm».
2655 1160 2758 1198 xx.

312 1246 579 1318 mirum
614 1254 727 1317 est
761 1245 984 1318 etiam
1021 1259 1377 1342 quantum
1411 1245 1508 1319 ad
1565 1244 2061 1342 pulcherrima
2103 1266 2397 1338 geome-
2454 1227 2801 1331 „mom

316 1358 479 1430 triae
545 1355 1002 1453 problemata
1068 1356 1510 1431 invenienda
1577 1357 1770 1429 viam
1838 1358 2397 1430 obstruxerunt.
2494 1351 2619 1399 '⁰⁰¹⁵-

316 1494 625 1568 quorum
681 1469 1014 1566 exempla
1069 1470 1317 1567 aliqua
1359 1470 1483 1543 hic
1537 1469 1676 1542 tibi
1730 1470 2102 1558 exhibere,
2149 1491 2397 1565 operae

316 1583 632 1681 pretium
685 1606 841 1656 esse
877 1594 1083 1679 puto.

418 1697 533 1770 Sit
568 1697 1006 1790 quadratum
1039 1697 1325 1771 ABCD.
1398 1697 1672 1772 Centro
1709 1697 1800 1783 A,
1823 1693 2208 1767 intervallo
2244 1693 2401 1783 AB,

315 1809 722 1906 descriptus
789 1810 886 1883 sit
953 1810 1208 1883 circuli
1255 1810 1626 1907 quadrans
1681 1808 1909 1883 ABD.
2039 1808 2401 1881 Secentur

314 1924 549 1997 latera
596 1923 756 2012 AD,
794 1923 919 1996 BC
952 1923 1290 1998 bifariam
1324 1925 1403 1998 in
1435 1925 1497 1999 E
1534 1938 1611 1997 et
1656 1924 1735 1996 F.
1858 1922 2101 1995 Ducta
2132 1920 2253 1994 EF
2288 1943 2400 1992 se-

315 2047 530 2110 cante
564 2060 818 2109 arcum
868 2036 1000 2109 BD
1046 2036 1125 2110 in
1172 2038 1258 2126 G,
1296 2038 1439 2111 erit
1485 2060 1702 2111 arcus
1740 2032 1874 2112 BG
1909 2035 2139 2110 totius
2187 2056 2404 2107 arcus

316 2149 448 2222 BD
484 2172 652 2245 pars
688 2149 933 2222 tertia.

413 2263 550 2335 Per
581 2275 940 2359 punctum
982 2260 1046 2335 G
1081 2260 1393 2335 ducatur
1429 2271 1634 2334 recta
1696 2262 1868 2335 IGK
1904 2259 2247 2357 parellela
2299 2258 2407 2331 la-

319 2376 458 2449 teri
493 2374 642 2463 BC,
670 2398 928 2448 secans
958 2374 1089 2448 AB
1127 2374 1202 2447 in
1239 2374 1273 2448 Ι
1314 2386 1390 2446 et
1426 2373 1560 2446 CD
1587 2374 1664 2447 in
1696 2375 1789 2463 K,
1816 2373 2408 2471 producaturque

318 2488 415 2562 ad
453 2489 554 2578 H,
591 2489 697 2561 ita
728 2498 813 2561 ut
848 2487 960 2560 IH
1002 2488 1096 2561 sit
1150 2487 1371 2585 tripla
1405 2486 1550 2560 IG:
1606 2487 1922 2583 denique
1963 2510 2095 2584 per
2145 2486 2216 2557 H
2270 2485 2406 2558 du-

316 2615 525 2675 catur
560 2612 765 2674 recta
801 2601 943 2675 ΝΟ
978 2602 1384 2690 indefinita,
1420 2612 1494 2675 et
1530 2602 1887 2698 parallela
1924 2601 2080 2674 DC.

431 2715 763 2787 Ducatur
809 2713 936 2788 BG
971 2715 1249 2788 chorda
1281 2739 1495 2789 arcus
1531 2716 1683 2805 BG,
1720 2728 1793 2789 et
1827 2716 2278 2812 producatur
2311 2712 2407 2787 ad

338 2825 478 2900 ΝΟ
507 2827 583 2900 in
619 2828 708 2917 Ο,
747 2851 1002 2900 secans
1028 2828 1155 2901 CD
1190 2829 1268 2901 in
1302 2829 1381 2903 P.
1452 2829 1737 2904 Deinde
1772 2841 2024 2903 centro
2060 2829 2146 2916 B,
2180 2828 2410 2901 inter-

335 2940 529 3013 vallo
562 2939 716 3029 ΒΟ,
754 2938 1211 3013 describatur
1243 2963 1456 3013 arcus
1492 2942 1747 3015 circuli
1780 2966 2032 3016 secans
2070 2941 2207 3015 BN
2242 2964 2412 3037 pro-

335 3052 635 3127 ductam
661 3053 738 3125 in
773 3052 870 3127 Q..

436 3167 662 3241 Porro
731 3166 945 3240 lateri
1016 3166 1148 3238 BA
1208 3166 1653 3262 adjungatur
1715 3167 1794 3240 in
1862 3167 2223 3240 directum
2277 3167 2415 3239 AR

336 3281 634 3377 aequalis
681 3279 924 3377 duplae
959 3279 1102 3369 GF,
1139 3290 1216 3352 et
1266 3278 1490 3352 ducta
1524 3280 1687 3368 RD,
1724 3303 1887 3375 quae
1921 3280 2221 3376 aequalis
2273 3279 2416 3352 erit

337 3393 560 3490 duplo
611 3393 824 3467 lateri
869 3391 1030 3480 AD,
1064 3392 1518 3489 producatur
1568 3392 1664 3466 ad
1714 3392 1902 3467 latus
1941 3394 2066 3467 BC
2098 3393 2420 3490 produc-

337 3518 495 3579 tum
547 3507 624 3580 in
677 3508 774 3591 S;
841 3506 1125 3602 eritque
1179 3506 1297 3579 CS
1348 3507 1648 3601 aequalis
1714 3508 2049 3604 tangenti
2101 3517 2197 3582 30
2248 3530 2416 3604 gra-

336 3618 612 3704 duum3
662 3620 1006 3694 transibit
1060 3631 1306 3694 autem
1366 3621 1488 3694 RS
1540 3644 1672 3717 per
1732 3621 1832 3707 H,
1871 3622 2264 3694 terminum
2309 3644 2418 3693 se-

336 3732 625 3805 miradii
685 3734 860 3806 KH.
964 3733 1295 3806 Ducatur
1349 3734 1482 3808 Qa
1532 3734 1885 3830 parallela
1931 3734 2110 3820 NH,
2165 3757 2420 3807 secans

338 3845 461 3919 RS
487 3846 561 3918 in
593 3870 661 3918 α.
722 3846 1335 3944 Compleaturque
1363 3847 2124 3943 parallelogrammum
2159 3846 2419 3922 BQab.

339 3959 738 4047 Postremo,
776 3959 1008 4032 diviso
1044 3984 1223 4033 arcu
1278 3961 1409 4035 BG
1460 3962 1801 4035 bifariam
1837 3963 1914 4035 in
1950 3988 2014 4051 c,
2052 3960 2421 4056 ductoque

338 4072 502 4144 sinu
538 4096 751 4146 arcus
779 4073 913 4158 Bc,
942 4075 1296 4169 jungatur
1332 4076 1472 4149 Rc.
1530 4075 1911 4149 Hactenus
1941 4060 2417 4148 constructio,

438 4185 600 4258 Erit
634 4209 810 4282 ergo
856 4186 1055 4259 sinus
1091 4211 1303 4260 arcus
1340 4187 1457 4261 Bc
1491 4201 1698 4262 sexta
1731 4212 1899 4285 pars
1932 4200 2152 4260 reetae
2190 4187 2308 4278 ba,
2345 4200 2420 4263 et

336 4297 476 4392 ipsi
527 4299 961 4395 parallelus;
1013 4300 1324 4396 ideoque
1357 4301 1474 4374 vel
1531 4302 1608 4375 in
1661 4303 1819 4398 ipsa
1856 4300 1986 4390 ba,
2022 4301 2139 4374 vel
2174 4326 2418 4395 supra,

335 4411 453 4483 vel
507 4411 717 4486 infra.
828 4413 1173 4486 Sumatur
1209 4412 1348 4486 Ad
1394 4423 1601 4486 sexta
1653 4436 1822 4509 pars
1858 4412 2019 4504 AD,
2067 4426 2142 4487 et
2197 4413 2418 4488 ducta
