3094 5125
1091 510 1197 562 nn
1237 507 1581 563 NATURA
1617 508 1890 560 Aulus.
2378 494 2523 558 269

436 674 769 747 rentibus
835 676 1346 762 marmoribus,
1413 675 1581 750 talis
1658 674 1801 747 erit
1867 670 2265 768 pyramidis
2334 671 2525 744 illius

436 789 694 883 figura,
733 788 1022 884 qualem
1076 789 1378 862 definiet
1436 788 1756 860 ambitus
1810 784 2319 859 intersecantis
2363 808 2526 857 eam
2609 768 2622 787 ⁸

434 902 843 974 marmoris.
931 901 1254 975 Conatus
1289 927 1465 999 ergo
1503 914 1946 997 punctorum
1982 899 2308 971 omnium
2342 921 2529 993 pon-

437 1014 852 1087 derantium
884 1017 1417 1112 propagabitur
1472 1015 1569 1088 ad
1630 1013 2090 1110 superficiem
2144 1012 2528 1084 marmoris

436 1127 852 1223 superioriS‚
881 1139 1276 1224 antequam
1301 1129 1533 1225 possit
1558 1127 1950 1225 propagari
1975 1125 2303 1211 u‘lteriuS‚
2323 1136 2528 1220 puta,

435 1239 531 1312 ad
591 1250 885 1312 terram.
990 1242 1385 1336 Postquam
1445 1254 1692 1314 autem
1752 1251 2058 1313 conatus
2112 1237 2207 1310 ad
2253 1252 2529 1309 terram

434 1366 881 1449 propagatus
948 1353 1193 1443 fuerit,
1263 1379 1390 1428 aer
1451 1378 1703 1427 rursus
1771 1377 1903 1450 per
1953 1351 2310 1425 resultum
2358 1350 2529 1426 inde

436 1466 825 1539 conabitur
892 1468 1297 1541 secundum
1364 1469 1659 1542 easdem
1714 1479 1915 1540 retro
1964 1476 2201 1538 rectas
2259 1464 2354 1537 ad
2410 1488 2530 1537 su-

436 1579 807 1674 perficiem
862 1580 1285 1654 inferiorem
1354 1582 1722 1654 inferioris
1791 1579 2198 1653 marmoris».
2336 1577 2530 1650 Nam

436 1692 845 1766 incidentes
922 1694 1572 1790 perpendiculares
1642 1691 2349 1791 perpendiculariter
2418 1715 2534 1763 re-

435 1806 858 1879 flectuntur.
986 1806 1358 1881 Quoniam
1421 1830 1600 1903 ergo
1657 1829 1980 1879 marmor
2039 1803 2373 1901 superius
2426 1804 2534 1876 ita

437 1941 868 2015 suspensum
903 1931 1039 2009 est,
1068 1932 1154 1993 ut
1182 1920 1432 1993 conari
1460 1920 1805 1992 deorsum
1834 1941 1984 1990 non
2011 1917 2267 2014 possit,
2292 1916 2531 1989 omnis

438 2046 744 2105 conatus
807 2031 1188 2105 innitentis
1245 2032 1645 2129 pyramidis
1699 2032 1998 2105 sistetur
2040 2032 2118 2103 in
2165 2053 2531 2102 marmore

439 2145 836 2240 superiore.
963 2144 1133 2218 Non
1207 2170 1384 2241 ergo
1462 2145 1995 2243 propagabitur
2063 2143 2158 2216 ad
2227 2155 2524 2215 terram.

439 2257 699 2354 Neque
736 2281 911 2354 ergo
944 2259 1073 2331 fiet
1108 2260 1423 2332 resultus
1464 2259 1560 2332 ad
1598 2281 1917 2331 marmor
1952 2256 2278 2330 inferius,
2357 2255 2530 2329 Non

439 2393 614 2466 ergo
663 2371 901 2443 oritur
951 2395 997 2444 a
1043 2372 1324 2445 resultu
1376 2372 1715 2445 conantis
1760 2370 2293 2467 atmosphaerae,
2332 2367 2532 2464 quod

439 2506 763 2556 marmor
797 2483 1101 2558 inferius
1136 2485 1241 2558 ita
1277 2497 1760 2576 sustentatur,
1787 2498 1874 2557 ut
1908 2507 1954 2556 a
1987 2495 2336 2557 contactu
2363 2506 2532 2556 cum

440 2598 814 2693 superiore
848 2621 997 2670 non
1036 2610 1437 2694 separetur.

542 2710 640 2783 B.
696 2710 1201 2783 Certissimum
1273 2727 1411 2784 est.
1516 2711 1632 2785 Illi
1701 2724 1973 2800 autem,
2044 2712 2169 2806 qui
2237 2734 2535 2783 causam

439 2826 597 2919 ejus
643 2824 868 2897 talem
915 2823 1425 2915 reddiderunt,
1461 2849 1612 2898 non
1648 2839 1862 2899 erant
1896 2825 2206 2899 fortasse
2240 2849 2534 2921 geome-

438 2950 593 3010 trae.
719 2937 958 3011 Miror
1008 2947 1258 3010 tamen
1326 2939 1903 3035 paralogismum
1959 2939 2156 3012 hunc
2217 2963 2367 3011 non
2426 2939 2534 3012 vi-

442 3051 633 3124 disse
680 3050 1105 3146 geometriae
1160 3051 1638 3146 professoreS,
1676 3052 1802 3148 qui
1840 3052 2345 3125 reflectionum
2382 3053 2536 3125 vias

438 3164 786 3261 ignorare
855 3187 1004 3235 non
1077 3162 1508 3236 debuerunt.
1640 3164 1787 3237 Sed
1841 3164 1951 3235 vis
2019 3165 2145 3237 illa
2212 3166 2535 3255 elastica,

442 3301 662 3373 quam
698 3278 773 3348 in
812 3300 980 3349 aere
1021 3299 1180 3349 esse
1217 3276 1497 3365 dicunt,
1530 3277 1810 3349 nihilne
1840 3276 1934 3349 ad
1962 3301 2286 3350 marmor
2320 3279 2536 3352 susti-

439 3390 765 3464 nendum
803 3388 1138 3462 conferre
1175 3389 1471 3485 potest?

538 3502 632 3577 A.
687 3503 893 3576 Nihil
949 3503 1271 3574 omnino,
1380 3503 1553 3575 Non
1617 3503 1812 3575 enim
1880 3515 2187 3575 conatus
2238 3503 2313 3574 in
2367 3527 2537 3576 aere

442 3630 555 3690 est
604 3617 795 3689 nllus
840 3615 937 3689 ad
982 3628 1318 3688 centrum
1369 3629 1589 3689 terrae
1643 3617 1875 3712 magis
1925 3640 2143 3711 quam
2195 3616 2290 3689 ad
2337 3616 2538 3689 aliud

443 3729 751 3825 quodvis
785 3743 1141 3827 punctum
1187 3730 1534 3803 universi.
1641 3731 2013 3804 Quoniam
2049 3730 2241 3802 enim
2278 3728 2537 3825 gravia

444 3842 693 3913 omnia
746 3841 1060 3916 tendunt
1121 3866 1166 3915 a
1214 3842 1809 3916 circumferentia
1867 3842 2379 3938 atmospbaerae
2439 3840 2536 3913 ad

445 3967 781 4027 centrum
818 3967 1058 4043 terrae,
1099 3969 1173 4029 et
1230 3956 1403 4030 inde
1456 3981 1707 4030 rursus
1741 3956 1836 4030 ad
1871 3956 2537 4029 circumferentiam

445 4068 978 4163 atmospbaerae,
1032 4093 1164 4165 per
1215 4071 1511 4144 easdem
1562 4071 1794 4144 lineas
1846 4071 2179 4158 reflean,
2226 4081 2537 4142 conatus

446 4202 732 4252 sursum
802 4182 1101 4253 conatui
1149 4181 1487 4256 deorsum
1544 4184 1844 4281 aequalis
1896 4187 2058 4272 erit,
2107 4193 2180 4255 et
2223 4182 2537 4277 proinde

444 4306 703 4366 mutuo
734 4316 811 4365 se
838 4293 1281 4387 perimentes
1318 4310 1580 4369 neutra
1616 4298 2080 4371 conabuntur
2114 4295 2254 4367 via.
2335 4295 2535 4370 Quin

448 4429 641 4502 aqua
674 4406 922 4501 gravis
957 4405 1076 4494 sit,
1103 4429 1252 4480 non
1290 4409 1671 4482 dubitatur
1700 4442 1718 4496 ;
1755 4421 1829 4483 et
1863 4407 2223 4504 siquidem
2256 4406 2538 4481 homini
