3094 5125
537 459 684 525 284
1192 476 1300 527 nn
1340 475 1683 529 NATURA
1720 476 1995 529 Anms.

638 639 733 714 B.
788 640 1238 738 Corpuscula
1298 643 1483 716 dura
1529 643 1791 738 prima,
1828 643 2123 715 fuerunt
2171 641 2482 715 fortasse
2524 642 2631 717 sic

540 766 835 827 creata:
888 768 1111 850 atque
1146 755 1290 828 alia
1325 754 1623 851 quidem
1674 757 1978 851 mnjora,
2014 756 2158 829 alia
2192 756 2500 844 minora,
2538 757 2630 829 ab

538 866 777 939 initio.

641 979 740 1051 A.
793 980 997 1052 Esto.
1102 980 1293 1053 Nam
1329 981 1568 1075 prima
1602 980 1697 1053 ad
1749 982 2063 1077 primam
2097 1004 2392 1053 causam
2429 993 2631 1055 recte

539 1090 979 1165 referuntur.
1085 1091 1231 1165 Sed
1279 1093 1339 1165 si
1384 1092 1575 1167 dura
1626 1117 1716 1166 ex
1762 1093 2016 1189 primis
2069 1093 2271 1166 duris
2311 1093 2474 1167 fieri
2522 1093 2632 1166 di-

540 1215 736 1291 cant,
798 1228 1023 1301 quare
1081 1228 1231 1278 non
1289 1216 1365 1278 et
1417 1206 1647 1279 fluida
1699 1206 1860 1279 fieri
1914 1217 2182 1301 putant
2235 1230 2325 1279 ex
2374 1207 2632 1303 primis
2717 1302 2720 1309 4

538 1317 781 1391 fluidis
814 1317 839 1390 Ρ
890 1319 1010 1390 An
1039 1320 1273 1391 creari
1297 1318 1527 1392 fluida
1552 1320 1870 1393 maxima
1894 1331 2227 1415 potuere,
2256 1330 2341 1393 ut
2375 1320 2631 1410 aether,

539 1430 844 1502 minima
898 1455 1045 1503 non
1100 1431 1457 1526 potuere?
1576 1432 1726 1506 Qui
1788 1433 2303 1529 corpusculum
2365 1433 2630 1505 durum

540 1555 669 1615 ant
714 1543 1026 1616 fluidum
1076 1544 1356 1639 primus
1417 1544 1619 1634 fecit,
1654 1546 1922 1641 potuit,
1958 1545 2019 1618 si
2061 1545 2417 1634 libuisset,
2453 1545 2634 1618 illud

540 1655 797 1729 fecisse
831 1668 989 1729 tum
1036 1658 1292 1751 majuS,
1330 1667 1488 1730 tum
1537 1658 1776 1731 minus
1832 1682 2268 1754 quocunque
2324 1683 2633 1756 corpore

541 1770 743 1842 dato.
853 1768 1071 1844 Quod
1107 1770 1168 1841 si
1202 1770 1510 1843 fluidum
1565 1772 1692 1842 fiat
1742 1794 1830 1843 ex
1884 1795 2034 1843 non
2079 1770 2348 1862 fluidis,
2385 1784 2469 1845 ut
2502 1796 2635 1845 vos

547 1882 814 1970 dicitis,
853 1893 927 1955 et
961 1883 1225 1956 durum
1263 1907 1352 1956 ex
1389 1882 1593 1956 duris
1629 1896 1921 1958 tantum
1953 1910 1969 1956 ε
2008 1908 2252 1957 nonne
2301 1886 2635 1982 sequitur

540 2020 630 2068 ex
657 1996 902 2068 fluidis
928 1996 1207 2091 primis,
1231 2020 1470 2093 neque
1496 1997 1804 2069 fluidum
1841 1998 2023 2083 fieri,
2053 2021 2290 2094 neque
2327 1998 2630 2071 durum?

541 2170 545 2181 .
640 2106 735 2180 B.
789 2109 904 2182 Ita
965 2109 1277 2183 videtur.
1411 2109 1771 2183 Quaenam
1840 2134 2018 2206 ergo
2075 2110 2239 2183 duri
2297 2122 2372 2183 et
2425 2111 2636 2184 fluidi

542 2236 716 2295 sunt
752 2222 1111 2318 principia
1141 2221 1166 2294 Ρ

641 2336 739 2409 A.
797 2335 998 2410 Quid
1053 2335 1251 2408 aliud
1307 2334 1473 2423 nisi,
1517 2334 1727 2408 fluidi
1785 2335 2106 2431 quidem,
2155 2336 2409 2429 quies:
2466 2336 2632 2410 duri

541 2459 811 2535 autem,
864 2459 1125 2520 motus
1188 2446 1486 2542 quidam
1542 2447 1639 2520 ad
1698 2447 1903 2521 illum
1959 2449 2299 2522 effectum
2356 2450 2631 2546 produ-

541 2561 857 2642 cendum
908 2560 1267 2632 idoneus?
1374 2558 1512 2631 Per
1563 2559 1884 2654 quietem
1939 2561 2274 2658 intelligo
2323 2564 2633 2636 duarum

539 2676 857 2772 partium
911 2674 1106 2746 inter
1156 2697 1233 2745 se
1287 2672 1633 2767 quietem,
1670 2698 1838 2747 cum
1887 2698 1964 2747 se
2015 2688 2268 2749 mutuo
2317 2689 2635 2772 tangunt

541 2788 861 2885 quidem,
899 2786 1031 2859 sed
1075 2810 1224 2858 non
1284 2798 1649 2883 premunt.
1754 2787 1949 2861 Nam
1983 2801 2060 2860 et
2094 2789 2324 2862 fluida
2357 2790 2635 2863 moveri

541 2913 697 2986 tota
729 2910 1064 2997 possunt,
1101 2910 1389 2973 retenta
1420 2899 1830 2985 fluiditate3
1885 2915 1962 2975 et
2010 2901 2195 2974 dura
2231 2903 2636 2999 quiescere,

538 3025 625 3086 ut
660 3027 908 3088 tamen
943 3025 1191 3109 partes
1229 3037 1481 3086 eorum
1518 3027 1977 3089 moveantur.

547 3204 552 3207 ,
639 3127 739 3200 Β.
794 3128 963 3202 Quo
1000 3140 1210 3200 motu
1245 3138 1319 3200 et
1355 3128 1774 3223 quomodo?

639 3240 738 3312 A.
795 3240 1129 3337 Exempli
1183 3255 1427 3329 causa,
1465 3265 1594 3314 aer
1646 3242 1771 3337 qui
1815 3242 2100 3315 revulso
2152 3254 2444 3316 suctore
2479 3267 2635 3317 ma-

539 3353 777 3427 chinae
803 3367 1067 3427 vestrae
1104 3353 1504 3450 impellitur
1540 3354 1618 3425 in
1655 3354 2066 3450 cylindrum
2095 3379 2407 3444 aeneum,
2431 3368 2634 3430 totus

539 3465 833 3561 quidem
888 3489 1034 3538 non
1095 3477 1453 3554 movetur,
1508 3464 1638 3538 sed
1685 3466 1761 3538 in
1806 3467 2066 3540 eodem
2125 3478 2371 3540 manet
2425 3468 2633 3544 loco:

537 3603 793 3652 verum
844 3578 1221 3673 particulae
1284 3580 1440 3675 ejus
1493 3603 1771 3668 omnes»,
1809 3593 1893 3654 ut
1943 3605 2210 3678 magno
2265 3593 2471 3653 motu
2522 3582 2636 3654 in-

538 3716 808 3790 gressae
841 3703 1037 3778 sunt,
1074 3691 1180 3765 sic
1229 3693 1454 3765 etiam
1513 3718 1784 3790 magno
1834 3708 2038 3768 motu
2084 3696 2285 3768 intus
2320 3695 2639 3784 cientur,

538 3828 999 3900 unaquaeque
1052 3816 1311 3878 contra
1361 3806 1580 3880 aliam
1631 3832 1766 3903 per
1816 3808 2010 3881 latus
2056 3808 2372 3904 cylindri
2409 3833 2639 3904 oppo-

540 3920 760 3992 situm
831 3918 1262 4014 ingressam.
1366 3920 1461 3991 Et
1514 3920 1824 4015 proinde
1887 3935 2130 3995 motus
2199 3921 2488 3994 illarum
2560 3923 2637 3995 in

539 4030 981 4103 brevissimis
1037 4030 1292 4126 spatiis
1327 4042 1499 4104 sunt
1531 4032 1996 4122 velocissimi,
2032 4045 2107 4107 et
2140 4049 2443 4130 propter
2476 4059 2638 4107 mu-

541 4154 744 4215 tuam
791 4142 1332 4241 oppositionem
1384 4144 1806 4218 circulares.
1910 4146 2157 4241 Atque
2190 4146 2366 4220 hinc
2401 4149 2639 4221 mani-

541 4255 811 4328 festum
867 4269 977 4329 est
1028 4258 1534 4331 vehementem
1590 4283 1749 4331 esse
1799 4260 1873 4331 in
1922 4284 2091 4333 aere
2147 4261 2254 4334 ita
2303 4272 2508 4335 moto
2562 4271 2639 4335 et

542 4367 789 4442 clauso
859 4372 1505 4467 compressionem,
1578 4383 1928 4469 quantam
1998 4373 2278 4449 scilicet
2346 4376 2636 4480 efficere
