3094 5125
779 529 1413 582 MATHEMATICAE
1455 531 1937 583 nomERNAE.
2250 517 2385 595 147

294 696 552 770 stratio
589 695 692 769 sit
725 696 1086 793 legitima.
1190 696 1387 792 Lego
1444 697 1641 769 enim
1686 695 2083 792 symbolica
2127 696 2268 769 ista
2300 712 2385 771 ut

296 801 505 906 pueri
544 810 989 899 Homerum,
1021 809 1279 906 quibus
1305 808 1400 882 ad
1421 809 1708 905 singula
1733 809 2088 883 vocabula
2113 810 2384 884 adeun-

303 924 474 996 dum
510 935 630 996 est
663 923 977 997 lexicon.
1093 921 1283 995 Illud
1332 931 1580 995 autem
1616 923 1827 995 AR4
1874 946 1968 994 ne
2022 922 2098 995 in
2149 923 2385 997 lexico

306 1036 604 1131 quidem
639 1048 779 1109 est.

402 1148 504 1222 A.
560 1149 676 1222 Sit
712 1148 1004 1245 quidem
1037 1171 1212 1220 vera
1246 1147 1800 1220 demonstratio.
1836 1209 1841 1214 .
1882 1147 1984 1220 At
2019 1149 2385 1245 quomodo

304 1261 689 1335 transferri
723 1272 968 1358 potest
1008 1260 1102 1334 ad
1152 1260 1764 1356 proportionaleS,
1802 1283 1966 1356 quae
2018 1258 2159 1336 nec
2219 1287 2391 1335 con-

306 1376 539 1448 tinuae
576 1385 772 1463 sunt,
799 1397 938 1446 nec
971 1374 1049 1445 in
1074 1372 1328 1446 eadem
1359 1372 1544 1445 serie
1567 1372 2101 1462 continuarum,
2135 1375 2384 1469 quales

309 1496 591 1560 sunt2:
629 1496 671 1559 4
706 1495 878 1558 2:32
914 1494 987 1574 6,
1024 1485 1141 1559 vel
1176 1494 1255 1557 3:
1293 1494 1338 1557 9
1371 1514 1388 1556 :
1418 1511 1436 1555 t
1466 1493 1557 1557 4:
1605 1492 1739 1568 123
1776 1483 2388 1560 ubidistantiiset

308 1599 671 1673 indicibus
706 1599 907 1672 locus
958 1622 1109 1671 non
1144 1596 1308 1670 est?
1411 1597 1764 1670 Nondum
1822 1621 1998 1693 ergo
2057 1601 2387 1696 proposi-

309 1714 588 1787 tionem
624 1713 822 1785 illam
858 1711 1091 1805 (Eucl.
1128 1711 1224 1784 vi.
1263 1713 1376 1805 16)
1411 1709 1961 1784 demonstravit.

407 1826 506 1899 B.
562 1825 990 1899 Redeamus*
1017 1824 1114 1898 ad
1162 1824 1401 1920 Caput
1450 1848 1669 1912 xxxv,
1723 1824 1919 1896 unde
1971 1823 2243 1896 frustra
2277 1824 2386 1897 di-

312 1942 543 2036 gressi
576 1963 846 2013 sumus.

409 2052 507 2126 A.
559 2054 718 2126 Imo
771 2052 1262 2126 transiliamus
1298 2064 1375 2123 et
1416 2048 1623 2137 illud,
1683 2062 1760 2122 et
1817 2048 2232 2146 proximum
2282 2050 2388 2123 illi

313 2168 556 2239 xxxvi.
673 2165 913 2239 Credo
950 2165 1142 2239 enim
1177 2165 1639 2237 Elementum
1677 2163 2011 2259 quintum
2039 2185 2129 2235 ex
2156 2162 2388 2258 hypo-

315 2281 526 2369 thesi,
564 2304 783 2378 quam
817 2279 939 2352 ille
974 2279 1389 2374 assumpsit,
1413 2287 1539 2350 aut
1575 2289 1773 2350 recte
1808 2276 2387 2349 demonstratum

316 2416 495 2481 esse,
532 2403 676 2465 aut.
694 2392 756 2464 si
789 2391 1051 2464 vitium
1088 2390 1384 2488 aliquod
1418 2390 1815 2486 irrepserit,
1851 2402 2121 2486 praeter
2153 2389 2386 2485 ipsam

316 2506 787 2602 scriptionem
821 2505 1317 2601 symbolicam,
1355 2527 1504 2577 non
1558 2503 1750 2577 illius
1796 2503 2205 2600 imperitiae,
2257 2504 2387 2578 sed

314 2619 773 2716 typographo
799 2619 917 2692 vel
949 2618 1458 2714 transcriptori
1493 2617 1960 2690 tribuendum
1999 2641 2178 2691 esse.
2255 2619 2389 2692 Est

317 2743 562 2803 autem
600 2731 848 2827 Caput
881 2731 1106 2804 xxxvi
1165 2729 1489 2827 ejusdem
1524 2729 1800 2826 Capitis
1850 2755 2042 2804 xxxv
2076 2731 2386 2829 brachy-

317 2844 856 2941 stenographia.
992 2845 1227 2941 Caput
1293 2843 1540 2916 xxxvii
1595 2844 1891 2916 unicum
1933 2844 2174 2918 'habet
2218 2870 2388 2940 pro-

313 2956 553 3030 blema
587 2957 755 3046 hoc,
799 2955 1006 3029 datis
1057 2954 1294 3028 tribus
1322 2954 2011 3052 proportionalibus
2065 2957 2387 3029 invenire

314 3079 659 3167 quartum
681 3097 709 3153 ;
762 3093 926 3165 quae
953 3079 1064 3142 est
1090 3069 1372 3164 Regula
1386 3069 1653 3142 Aureass
1693 3069 1916 3165 Cujus
1937 3070 2386 3161 constructio

314 3182 471 3256 haec
518 3194 680 3266 est;
738 3181 1008 3254 tertius
1062 3179 1592 3278 multiplicetur
1631 3206 1803 3279 per·
1843 3182 2260 3271 secu-ndum,
2311 3194 2387 3257 et

301 3294 721 3394 productus
778 3293 1162 3367 dividatur
1199 3319 1352 3391 per
1393 3294 1741 3392 primum.
1847 3296 2033 3370 Quae
2059 3320 2255 3385 vera,
2312 3286 2389 3371 et

313 3410 534 3506 vulgo
602 3418 899 3504 recepta
931 3478 932 3481 ,
967 3419 1104 3482 est.
1234 3408 1761 3481 Demonstrans
1828 3421 2099 3482 autem:
2142 3410 2387 3500 sumit,

317 3523 514 3618 quod
545 3522 802 3618 Capite
847 3546 989 3594 xxv
1026 3521 1187 3595 loco
1216 3522 1657 3595 definitionis
1690 3521 1891 3595 nullo
1919 3526 2085 3620 jure
2110 3523 2389 3613 habuit,

316 3634 437 3708 ubi
520 3635 916 3733 quotie-ntes
998 3645 1165 3707 sunt
1230 3633 1581 3732 oequaks,
1646 3634 1754 3707 ibi
1819 3637 2175 3710 rationes.
2220 3650 2392 3710 sunt

317 3748 583 3821 eaedem
609 3776 635 3827 .-
691 3747 919 3821 etubi
952 3749 1278 3845 quotiens
1311 3749 1553 3844 major
1586 3758 1724 3838 est,
1747 3749 1855 3823 ibi
1879 3752 2118 3846 major
2151 3751 2390 3834 ratio,-

316 3860 446 3934 ubi,
472 3862 729 3951 minor,
767 3865 1024 3934 minor.
2202 3922 2207 3932 .

421 3975 518 4048 B.
572 3976 653 4049 Si
721 3975 870 4048 sint
953 3973 1098 4048 duo
1184 3976 1598 4070 quotientes
1668 3976 2005 4071 aequaleS,
2076 3977 2392 4072 exempli

319 4111 557 4179 causa,
593 4108 910 4162 numero
933 4097 1006 4175 4,
1041 4086 1165 4182 qui
1216 4101 1330 4160 est
1376 4089 1713 4183 quotiens
1762 4089 2122 4162 division.
2142 4111 2273 4183 per
2323 4098 2393 4177 5,

320 4202 615 4296 aequalis
650 4201 750 4273 sit
783 4211 853 4290 4,
909 4201 1245 4296 quotiens
1291 4199 1499 4273 divisi
1544 4210 1631 4273 12
1668 4226 1801 4297 per
1836 4210 1926 4285 33
1982 4201 2175 4274 dicit
2219 4223 2395 4296 ergo

322 4323 367 4387 4
403 4315 497 4388 ad
531 4325 571 4388 4
614 4337 774 4387 esse
806 4313 884 4386 in
921 4312 1174 4386 eadem
1211 4313 1539 4398 ratione;
1597 4315 1793 4409 quod
1839 4338 1989 4388 non
2040 4312 2394 4410 intelligo,

2062 4449 2105 4498 L
2140 4449 2169 4493 2

2462 731 2760 772 DlALoous

2568 811 2646 851 IV.
