3094 5125
345 689 481 733 cAP.
512 694 596 736 11.

176 738 194 763 ὸ
322 757 608 796 *W

334 818 599 871 Deratime.

690 489 837 555 416
977 503 1085 556 nn
1123 503 1585 558 ancn’us
1627 505 1728 557 ET
1768 503 2491 557 nArlocmAnoNE

689 683 890 746 ceret
924 697 1053 746 ens
1077 683 1154 746 et
1183 697 1487 747 non-ens
1514 697 1673 749 esse
1700 672 1969 747 diversi
1996 671 2318 769 generis:
2354 672 2547 745 linea
2568 672 2778 746 enim

688 786 978 860 infinita
1008 787 1210 860 nulla
1244 798 1378 861 est.
1485 788 1709 864 Quod
1742 799 1990 860 autem
2042 786 2310 859 dicitur
2360 785 2436 857 in
2482 785 2778 857 mathe-

685 898 976 972 maticis
1013 899 1385 995 irfinitum,
1421 902 1499 975 id
1532 901 1895 998 significat
1931 897 2387 973 solummodo
2439 898 2778 970 indeter-

685 1011 1069 1101 minatum,
1119 1013 1271 1087 sive
1325 1013 1815 1101 indefinitum,
1863 1011 1940 1085 id
1998 1025 2134 1102 est,
2170 1011 2368 1109 quod
2407 1021 2772 1107 quantum

682 1124 780 1197 sit
812 1146 960 1197 non
995 1138 1108 1198 est
1143 1126 1447 1201 dictum.

783 1238 1404 1336 Distinguendum
1431 1240 1654 1313 etiam
1682 1248 1795 1313 est
1828 1238 2027 1311 inter
2053 1247 2409 1334 quantum
2434 1247 2510 1308 et
2535 1260 2772 1332 quan-

678 1351 996 1439 titatem,
1032 1377 1345 1449 quorum
1378 1377 1610 1426 unum
1644 1375 2019 1449 nunquam
2067 1350 2337 1423 dicitur
2372 1349 2464 1422 de
2497 1349 2762 1422 altero.

778 1466 1144 1539 Praeterea
1176 1466 1313 1540 etsi
1359 1464 1815 1563 magnitudO,
1852 1476 1939 1538 ut
1990 1463 2401 1561 longitudo,
2452 1465 2763 1558 superfi-

675 1577 848 1667 cieS,
884 1579 1242 1669 soliditas,
1278 1580 1449 1653 solis
1496 1578 1930 1676 corporibus
1978 1577 2205 1650 tribui
2249 1576 2543 1674 proprie
2588 1601 2760 1673 pos-

675 1703 870 1779 sunt,
897 1693 1264 1789 quantitas
1299 1704 1546 1767 tamen
1582 1692 1834 1765 multis
1865 1690 2024 1764 aliis
2051 1691 2271 1763 rebus
2297 1690 2525 1763 tribui
2553 1702 2757 1762 reete

671 1815 941 1900 potest.
1047 1805 1418 1903 Quicquid
1464 1805 1660 1878 enim
1714 1815 1825 1878 est
1878 1804 1969 1877 de
2003 1827 2148 1900 quo
2195 1827 2367 1877 vere
2418 1803 2750 1892 dicimus,

672 1917 871 2013 quod
914 1921 1148 2015 majus
1180 1920 1300 1993 vel
1354 1919 1596 1993 minus
1646 1917 1790 1991 alio
1827 1929 1965 2005 est,
1999 1917 2116 1989 vel
2151 1917 2452 2013 aequale,
2488 1917 2604 1990 vel
2659 1917 2750 1991 de

667 2053 815 2126 quo
849 2053 1020 2103 vere
1055 2030 1325 2105 dicitur
1357 2031 1592 2128 magis
1622 2030 1736 2103 vel
1770 2029 2012 2101 minus
2039 2028 2154 2101 vel
2190 2029 2570 2125 aequaliter
2601 2040 2747 2103 est:

668 2141 894 2216 habet
927 2143 1109 2217 illud
1144 2146 1633 2242 quantitatem
1668 2155 1746 2216 et
1780 2141 2336 2231 dimensionem,
2374 2143 2490 2215 vel
2523 2167 2742 2216 unam

666 2256 785 2328 vel
817 2257 1087 2353 plures.
1189 2259 1286 2331 Et
1318 2257 1655 2355 proinde,
1693 2255 2010 2352 tempori
2046 2279 2179 2328 sua
2205 2255 2577 2352 quantitas
2610 2268 2743 2345 est,

664 2393 831 2466 quae
868 2372 1135 2468 exponi
1167 2382 1413 2468 potest
1446 2395 1582 2467 per
1614 2371 1908 2444 lineam.
2012 2369 2258 2442 Motui
2294 2379 2407 2442 est
2441 2392 2573 2442 sua
2606 2357 2743 2442 sibi

660 2485 1053 2579 quantitas,
1089 2484 1520 2583 exponenda
1553 2506 1685 2581 per
1718 2483 2010 2555 lineam.
2098 2482 2342 2554 Etiam
2378 2482 2488 2555 vis
2521 2483 2744 2556 habet

662 2623 871 2672 suam
906 2598 1044 2672 sibi
1078 2598 1591 2695 quantitatem,
1627 2596 2134 2693 exponendam
2159 2620 2292 2693 per
2324 2597 2596 2669 lineam
2627 2598 2742 2671 vel

657 2711 980 2808 planum.
1085 2711 1181 2783 Et
1233 2709 1523 2807 pondus
1573 2708 2064 2806 quantitatem
2118 2734 2348 2797 suam,
2404 2733 2569 2806 quae
2621 2735 2740 2783 ex·

657 2823 835 2920 poni
889 2832 1134 2919 potest
1181 2823 1400 2897 etiam
1450 2846 1583 2920 per
1634 2822 1906 2896 lineam
1961 2823 2076 2896 vel
2136 2822 2474 2896 solidum.
2577 2823 2738 2896 Nec

656 2947 904 3010 tamen
938 2935 1112 3010 inde
1158 2936 1413 3009 inferri
1457 2946 1725 3034 potest,
1762 2947 1888 3010 aut
1922 2947 2234 3034 tempuS‚
2269 2947 2398 3011 aut
2430 2948 2736 3023 motum,

655 3061 788 3123 aut
818 3050 992 3141 vim,
1027 3060 1156 3125 aut
1187 3050 1499 3148 ponduS,
1534 3073 1694 3124 esse
1727 3049 1995 3125 lineam
2029 3062 2162 3123 aut
2210 3051 2430 3124 aliam
2461 3050 2736 3147 magui·

658 3163 1013 3238 tudinem.

756 3276 1091 3374 Denique
1127 3277 1337 3364 ratio,
1375 3277 1723 3374 quoniam
1756 3277 1946 3351 ratio
1982 3277 2126 3351 alia
2174 3277 2318 3350 alia
2351 3279 2588 3374 major
2622 3289 2735 3351 est

654 3389 775 3464 vel
827 3390 1088 3480 minor,
1132 3392 1616 3488 quantitatem
1667 3391 1912 3480 habet,
1960 3403 2036 3464 et
2097 3414 2231 3488 per
2276 3391 2459 3465 duas
2505 3392 2732 3465 lineas

656 3503 1068 3600 exponitur.
1171 3503 1780 3601 Quandocunque
1825 3504 2021 3576 enim
2067 3518 2534 3601 exponuntur
2570 3504 2733 3577 duae

655 3616 894 3706 lineae,
930 3639 1079 3689 non
1114 3618 1335 3690 modo
1373 3629 1838 3714 exponuntur
1870 3616 2072 3713 ipsae,
2110 3617 2240 3690 sed
2274 3618 2496 3692 etiam
2546 3618 2729 3714 ipsa-

654 3754 820 3803 rum
854 3729 1070 3804 ratio.
1142 3730 1360 3803 Ratio
1397 3732 1593 3804 enim
1630 3741 1764 3819 est,
1801 3743 1885 3804 ut
1919 3754 2084 3804 eam
2118 3730 2485 3820 definiam,
2522 3756 2732 3829 mag-

650 3843 1009 3917 nitudinis
1043 3842 1154 3915 ad
1181 3842 1762 3940 magnitudinem
1795 3843 2087 3917 relatio.
2168 3843 2431 3941 Neque
2465 3844 2732 3941 exponi

651 3969 900 4053 potest
936 3956 1080 4030 nisi
1113 3979 1246 4053 per
1291 3955 1473 4029 duas
1518 3956 1773 4046 lineas,
1809 3981 2117 4054 quarum
2160 3958 2393 4032 altera
2439 3970 2734 4032 antece-

651 4069 833 4143 dens
889 4070 1120 4144 altera
1170 4091 1645 4166 consequens,
1693 4081 1778 4144 ut
1835 4070 1915 4144 in
1971 4072 2310 4147 omnibus
2364 4073 2518 4146 fere
2570 4070 2731 4145 aliis

649 4184 1147 4274 relationibus,
1183 4183 1613 4281 appellatur.
