3094 5125
704 473 801 550 70
1136 491 1674 545 ΕΧΑΜΙΝΑΤῙΟ
1715 495 1816 547 ΕΤ
1853 495 2351 549 lemannum

322 681 624 723 manneus
700 671 832 733 est.
940 660 1291 734 Solebant
1335 662 1529 734 enim
1565 676 1989 759 geometrae,
2024 688 2193 738 cum
2241 665 2515 739 vellent
2562 668 2782 741 ratio·

327 763 612 865 -ff-ae
698 797 877 846 num
932 773 1485 848 similitudinem
1545 776 1934 873 explicare,
1989 778 2227 851 Graeci
2286 779 2583 875 quidem
2641 782 2782 854 hac

697 911 880 961 voce
927 888 1036 959 uti
1069 898 1233 964 οὓτως
1255 898 1394 977 ἔχει,
1442 888 1687 961 Latini
1742 914 1916 963 vero
1965 892 2128 980 hac,
2193 892 2305 964 ita
2367 916 2453 965 se
2510 893 2782 968 habet.-

697 1027 917 1099 quam
963 1002 1471 1098 loquutionem
1529 1004 1826 1077 admisit
1882 1004 2227 1078 Euclides
2274 1006 2352 1078 in
2412 1007 2780 1083 definitio-

693 1141 864 1190 nem
893 1140 1101 1189 suam
1133 1116 1466 1207 rationis,
1489 1141 1710 1214 quam
1743 1118 1910 1192 ideo
1945 1118 2340 1216 appellavit
2363 1134 2528 1188 ποιὰν
2557 1135 2775 1211 σχέσιν,

699 1242 771 1304 et
828 1230 1073 1303 Latini
1126 1240 1407 1304 certam
1452 1231 1973 1306 habitudinem.
2076 1235 2174 1306 Et
2234 1230 2587 1306 credibile
2649 1246 2776 1325 est,

700 1345 762 1416 si
830 1344 1067 1417 Graeci
1140 1343 1364 1439 vulgo
1430 1369 1566 1442 pro
1624 1355 1788 1422 οὓτως
1834 1354 1950 1435 ἔχει
2017 1345 2374 1419 dixissent
2428 1355 2600 1422 οὓτως
2646 1357 2776 1439 ἔω,

699 1456 1078 1530 Euclidem
1101 1456 1572 1530 definiturum
1594 1457 1816 1530 fuisse
1843 1458 2205 1532 rationem
2227 1482 2360 1556 per
2379 1471 2550 1525 ποιὰν
2566 1467 2775 1540 οὐσίαν,

700 1582 774 1643 et
809 1569 1053 1643 Latini
1086 1592 1219 1668 per
1253 1580 1530 1643 certam
1564 1570 1975 1645 essentiam.

804 1684 903 1757 B.
957 1684 1322 1758 Quaenam
1356 1693 1603 1758 autem
1637 1694 1751 1756 est
1783 1683 2104 1756 rationis
2140 1683 2473 1758 definitio
2501 1707 2681 1758 vera
2709 1694 2779 1757 et

699 1808 1047 1871 accurata
1074 1796 1101 1868 ἒ·

803 1912 901 1984 A.
959 1911 1190 1985 Ratio
1224 1920 1334 1985 est
1367 1910 1638 1985 relatio
1671 1909 2175 1984 antecedentis
2202 1910 2312 1983 ad
2341 1933 2780 2008 consequens

698 2027 1087 2100 seeundum
1121 2026 1717 2126 magnitudinem.

797 2140 896 2213 B.
953 2140 1148 2215 Quid
1178 2141 1276 2212 sit
1309 2137 1754 2212 antecedens
1779 2147 1855 2211 et
1880 2136 2058 2232 quid
2084 2160 2542 2234 consequens
2566 2136 2780 2211 intel-

697 2253 1074 2349 ligendum
1108 2265 1222 2325 est
1255 2277 1345 2325 ex
1382 2251 1807 2324 definitione
1841 2250 2250 2324 relatorum
2270 2278 2299 2333 ;
2352 2250 2484 2324 sed
2532 2261 2780 2324 tamen

698 2390 850 2439 non
885 2366 1360 2462 cognoscitur
1392 2389 1484 2437 ex
1517 2364 1657 2437 hac
1706 2364 2134 2437 definitione
2186 2364 2506 2437 rationis
2552 2388 2781 2462 quan-

698 2479 898 2551 titas,

802 2592 899 2666 A.
955 2590 1217 2686 Neque
1258 2614 1347 2663 ex
1394 2590 1820 2664 definitione
1862 2590 2231 2686 trianguli,
2278 2591 2506 2687 ipsius
2558 2593 2781 2665 trian-

698 2706 849 2802 guli
893 2705 1286 2802 quantitas

804 2819 899 2891 B.
954 2818 1094 2891 Dic
1146 2841 1322 2913 ergo
1372 2817 1743 2914 quomodo
1791 2815 2304 2912 computandae
2359 2816 2511 2890 sint
2562 2819 2780 2892 ratio-

700 2957 874 3005 num
911 2932 1360 3029 quantitates
1390 2930 1417 3002 ?

800 3046 898 3120 A.
954 3045 1220 3135 Primo,
1256 3068 1408 3118 non
1443 3044 1682 3117 omnis
1719 3043 1906 3115 ratio
1944 3054 2055 3115 est
2090 3055 2387 3138 quanta.

801 3159 898 3232 B.
954 3160 1229 3232 Mirum
1263 3159 1407 3231 hoc
1443 3157 1651 3245 dicis,
1688 3157 2051 3229 rationem
2085 3157 2302 3230 aliam
2351 3181 2510 3231 esse
2555 3184 2782 3256 qaan-

696 3281 867 3357 tam,
903 3273 1119 3345 aliam
1153 3296 1293 3344 non
1326 3280 1702 3369 quantam.

798 3385 895 3460 A.
951 3387 1069 3458 Ita
1125 3399 1285 3467 est;
1350 3409 1521 3457 nam
1583 3384 1772 3457 ratio
1827 3383 2208 3478 inaequalis
2265 3382 2363 3455 ad
2421 3384 2784 3481 inaequale

695 3499 1184 3592 quantitatem
1219 3498 1463 3570 habet.
1570 3495 1716 3569 Sed
1760 3495 1948 3569 ratio
2002 3496 2303 3590 aequalis
2348 3496 2444 3570 ad
2499 3499 2783 3595 aequale

695 3613 1182 3707 quantitatem
1217 3634 1364 3682 non
1402 3611 1647 3683 habet.

791 3725 889 3797 B.
946 3726 1197 3800 Quare
1230 3737 1477 3797 autem
1513 3748 1666 3795 non
1701 3722 1927 3795 habet
1962 3723 2450 3818 quantitatem
2480 3723 2506 3796 Ρ

792 3838 890 3910 A.
947 3838 1142 3911 Quia
1176 3861 1439 3932 nempe
1476 3835 1664 3909 ratio
1701 3860 1848 3908 non
1886 3848 1998 3908 est
2034 3836 2460 3932 simpliciter
2494 3841 2779 3936 magni-

693 3953 899 4041 tudo,
937 3950 1068 4024 sed
1112 3974 1279 4023 cum
1328 3949 1686 4023 relatione
1733 3947 1828 4021 ad
1881 3949 2098 4021 aliam
2148 3952 2776 4046 magnitudinem;

682 4067 899 4161 juxta
934 4088 1152 4159 quam
1188 4062 1616 4135 relationem
1652 4084 1802 4133 una
1831 4061 2315 4158 inaequalitas,
2355 4063 2434 4136 id
2468 4075 2602 4155 est,
2634 4090 2780 4139 una

689 4181 879 4253 ratio
914 4175 1409 4274 inaequalium,
1446 4175 1591 4248 alia
1635 4176 1893 4270 major,
1948 4176 2092 4249 alia
2145 4177 2384 4250 minor
2439 4201 2598 4251 esse
2653 4203 2776 4274 po·

689 4306 883 4378 test;
953 4317 1101 4366 una
1161 4301 1409 4364 autem
1464 4289 1842 4385 aequalitas
1902 4313 2050 4362 non
2110 4302 2378 4387 potest.
2503 4293 2608 4365 At
2667 4316 2776 4379 ea,

693 4432 1003 4504 quorum
1073 4406 1213 4480 alia
1280 4405 1582 4499 majora,
1653 4404 1798 4476 alia
1865 4405 2149 4477 minora
2217 4428 2374 4478 esse
2443 4416 2775 4500 possunt.
