3094 5125
1026 494 1703 547 GEOMETRARUM.
2250 480 2396 544 415

321 659 626 734 definire
655 661 1171 758 quantitatem,
1194 672 1270 735 et
1292 662 1791 758 quantitatum
1821 659 2110 733 diversa
2130 684 2406 757 genera

318 775 516 848 inter
568 798 645 847 se
693 775 1162 872 distinguere.
1268 775 1768 871 Interroganti
1815 775 2010 846 enim
2066 783 2406 870 quantum

319 898 456 976 est,
495 889 621 984 qui
674 888 780 961 ita
832 887 1229 984 respondet
1264 899 1348 961 ut
1391 888 1915 983 interrogantis
1951 887 2238 959 animus
2285 909 2408 958 ac-

322 1002 653 1097 quiescat
711 1002 789 1073 in
825 1025 913 1074 eo
976 1001 1171 1097 quod
1234 1001 1749 1097 respondetur,
1806 1024 2103 1073 necesse
2159 1010 2272 1072 est
2323 1012 2410 1072 ut

324 1112 909 1209 magnitudinem
980 1113 1071 1186 de
1126 1136 1275 1208 qua
1333 1114 1688 1210 quaeritur
1736 1113 1854 1186 vel
1925 1125 2247 1209 exponat
2314 1111 2412 1184 ad

325 1228 598 1316 oculoS,
620 1226 738 1299 vel
774 1225 1214 1299 determinet
1245 1250 1381 1323 per
1415 1228 2045 1324 comparationem
2073 1250 2241 1300 cum
2270 1226 2412 1298 alio

328 1353 608 1436 quanto
643 1361 776 1434 per
804 1362 1219 1411 mensuram
1250 1338 1769 1413 determinato.
1872 1339 2183 1412 Animus
2218 1338 2416 1410 enim

328 1455 406 1527 in
441 1451 843 1526 indefinitis
877 1476 1027 1524 non
1062 1453 1502 1548 acquiescet.

433 1565 582 1639 Sed
627 1565 801 1661 quia
866 1587 1017 1637 non
1073 1564 1322 1638 omnia
1376 1578 1654 1661 quanta
1707 1577 2232 1638 mensurantur
2283 1588 2418 1659 per

343 1680 642 1767 lineam,
679 1700 818 1750 nec
852 1701 985 1774 per
1019 1677 1498 1773 superficiem,
1532 1703 1672 1752 nec
1705 1703 1839 1775 per
1873 1678 2213 1767 solidum,
2250 1679 2423 1752 toti-

337 1794 506 1867 dem
541 1802 759 1864 erunt
792 1814 1067 1887 genera
1088 1815 1452 1865 mensurae
1475 1805 1659 1888 quot
1687 1805 1860 1865 sunt
1885 1815 2161 1887 genera
2189 1814 2422 1887 quan-

335 1916 605 1980 torum.
744 1905 1032 1998 Corpus
1102 1918 1568 1978 mensuratur
1638 1916 1753 1977 tot
1819 1905 2181 1977 mensuris
2242 1916 2425 2000 quot

337 2019 564 2093 habet
615 2017 1130 2105 dimensiones,
1180 2030 1255 2090 et
1304 2016 1616 2114 proinde
1671 2017 1815 2091 tria
1864 2019 2089 2091 habet
2136 2017 2425 2090 diversa

338 2155 614 2230 genera
647 2130 1168 2227 quantitatum,
1202 2153 1468 2227 nempe
1499 2131 1793 2219 lineam,
1830 2131 2313 2228 superficiem,
2351 2142 2426 2202 et

341 2245 827 2319 soliditatem:
879 2267 1190 2340 quarum
1226 2244 1727 2338 quantitatum
1759 2245 1977 2317 unius
2027 2268 2220 2341 parS,
2255 2266 2425 2339 pars

344 2359 647 2433 alterius
682 2381 840 2431 esse
886 2381 1038 2430 non
1086 2368 1354 2453 potest.
1455 2358 1553 2431 Et
1598 2358 1674 2430 in
1722 2358 2166 2446 universum,
2204 2379 2428 2452 quan-

345 2473 599 2546 titates
630 2470 776 2542 illae
812 2468 1079 2543 diversi
1113 2472 1405 2568 generis
1441 2483 1635 2564 sunt,
1675 2495 1982 2568 quarum
2015 2494 2187 2569 pars
2210 2470 2428 2543 unius

347 2609 501 2659 non
535 2595 647 2657 est
678 2608 848 2681 pars
882 2585 1228 2658 alterius:
1280 2588 1397 2660 vel
1429 2600 1515 2661 ut
1553 2587 1902 2660 definitur
1953 2588 2045 2661 ab
2100 2584 2430 2672 Euclide,

365 2720 675 2794 quarum
731 2722 903 2786 una,
963 2700 1429 2794 quantumvis
1493 2699 2001 2797 multiplicata,
2054 2722 2431 2794 nunquam

353 2810 664 2885 alteram
697 2810 1091 2906 superabit.

456 2923 705 2997 Lineae
728 2946 903 3019 ergo
927 2946 1203 3012 omneS,
1228 2923 1379 2996 sive
1401 2937 1626 2998 rectae
1646 2927 1797 2998 sive
1819 2949 2086 3014 curvae,
2111 2924 2439 3021 ejusdem

357 3054 533 3116 sunt
557 3039 849 3136 generis
885 3040 1364 3137 quantitates:
1403 3053 1479 3114 et
1515 3042 1690 3138 quia
1721 3065 1945 3114 curva
1978 3041 2277 3114 extendi
2311 3065 2435 3137 po-

356 3165 526 3244 test,
562 3154 668 3227 ita
701 3164 784 3227 ut
816 3154 972 3240 fiat,
1008 3177 1157 3225 non
1185 3165 1470 3227 mutata
1495 3154 1933 3251 quantitate,
1954 3167 2179 3243 recta,
2208 3155 2440 3228 altera

357 3297 611 3349 earum
645 3271 1132 3368 multiplicata
1164 3270 1473 3344 alteram
1509 3295 1857 3366 superare
1890 3283 2156 3368 potest.

458 3387 576 3460 Ab
610 3386 726 3459 his
761 3385 996 3459 tribus
1041 3384 1432 3480 generibus
1478 3384 1769 3458 Clavius
1815 3384 2141 3458 excludit
2186 3408 2442 3458 nume-

359 3524 549 3589 rum,
585 3511 933 3598 tanquam
969 3522 1202 3596 genus
1251 3500 1342 3572 ab
1378 3499 1715 3573 omnibus
1766 3500 2002 3573 tribus
2050 3499 2440 3573 diversum.

364 3612 538 3685 Non
570 3625 794 3687 recte.
899 3612 1267 3686 Numerus
1302 3635 1590 3709 semper
1623 3624 1734 3686 est
1766 3614 1843 3687 in
1881 3612 2141 3686 eodem
2175 3635 2444 3710 genere

370 3726 805 3821 quantitatis
832 3750 1000 3799 cum
1033 3736 1444 3800 numerato,
1500 3726 1759 3822 Neque
1792 3750 2062 3823 genere
2099 3727 2446 3800 differunt

365 3860 597 3911 unum
651 3848 727 3911 et
782 3838 1018 3934 plura.
1118 3838 1488 3912 Numerus
1538 3851 1786 3914 autem
1841 3853 1917 3913 et
1965 3839 2200 3937 plura,
2247 3836 2445 3910 idem

367 3962 565 4025 sunt.
669 3950 1036 4025 Numerus
1086 3952 1469 4042 linearum,
1523 3963 1600 4025 et
1650 3952 1888 4042 lineae,
1933 3952 2209 4025 habent
2249 3950 2446 4023 idem

367 4086 602 4162 genus
657 4064 1130 4159 quantitatis:
1183 4065 1362 4139 item
1430 4089 1780 4140 numerus
1847 4065 2309 4160 angulorum,
2371 4074 2447 4135 et

368 4176 727 4273 angulus3
765 4187 1202 4273 temporum,
1239 4190 1316 4251 et
1346 4190 1660 4276 tempuS,
1697 4191 1838 4252 etc.
1895 4177 2116 4252 Quod
2153 4176 2446 4250 Clavius

368 4289 639 4363 lineam
699 4289 984 4363 finitam
1036 4301 1110 4363 et
1163 4290 1432 4365 lineam
1482 4293 1847 4366 infinitam
1906 4291 2234 4388 ejusdem
2290 4313 2445 4363 esse

371 4403 660 4500 gene-ris
692 4414 940 4500 negat,
977 4405 1425 4501 superfluum
1460 4417 1610 4481 est:
1662 4418 2011 4503 tanquam
2046 4406 2109 4480 si
2141 4405 2303 4503 quis
2339 4404 2448 4477 di-

2497 682 2633 723 CAP.
2665 678 2750 719 XI·

2485 746 2770 783 κ--Ὺ-Ι

2496 810 2565 855 De
2585 807 2768 851 ratione.
