<?xml version="1.0" encoding="UTF-8"?>
<!DOCTYPE html PUBLIC "-//W3C//DTD XHTML 1.0 Transitional//EN"
    "http://www.w3.org/TR/xhtml1/DTD/xhtml1-transitional.dtd">
<html xmlns="http://www.w3.org/1999/xhtml" xml:lang="en" lang="en">
 <head>
  <title>
</title>
<meta http-equiv="Content-Type" content="text/html;charset=utf-8" />
  <meta name='ocr-system' content='tesseract 3.04.00' />
  <meta name='ocr-capabilities' content='ocr_page ocr_carea ocr_par ocr_line ocrx_word'/>
</head>
<body>
  <div class='ocr_page' id='page_1' title='image "./thomhobbesmalme02molegoog_0021.png"; bbox 0 0 3094 5125; ppageno 0'>
   <div class='ocr_carea' id='block_1_1' title="bbox 782 434 2403 503">
    <p class='ocr_par' dir='ltr' id='par_1_1' title="bbox 782 434 2403 503">
     <span class='ocr_line' id='line_1_1' title="bbox 782 434 2403 503; baseline -0.001 -1"><span class='ocrx_word' id='word_1_1' title='bbox 782 450 1406 503; x_wconf 75' lang='lat' dir='ltr'>MATHEMATICAE</span> <span class='ocrx_word' id='word_1_2' title='bbox 1445 451 1938 503; x_wconf 61' lang='lat' dir='ltr'>Romanum.</span> <span class='ocrx_word' id='word_1_3' title='bbox 2356 434 2403 500; x_wconf 88' lang='lat'>9</span> 
     </span>
    </p>
   </div>
   <div class='ocr_carea' id='block_1_2' title="bbox 289 618 2778 715">
    <p class='ocr_par' dir='ltr' id='par_1_2' title="bbox 289 618 2778 715">
     <span class='ocr_line' id='line_1_2' title="bbox 289 618 2778 715; baseline -0.004 -25"><span class='ocrx_word' id='word_1_4' title='bbox 289 627 719 713; x_wconf 82' lang='lat' dir='ltr'><strong>potestates</strong></span> <span class='ocrx_word' id='word_1_5' title='bbox 771 618 1371 715; x_wconf 89' lang='lat' dir='ltr'>significabantur</span> <span class='ocrx_word' id='word_1_6' title='bbox 1402 643 1448 692; x_wconf 92' lang='lat' dir='ltr'>a</span> <span class='ocrx_word' id='word_1_7' title='bbox 1481 619 1934 715; x_wconf 89' lang='lat' dir='ltr'>Diophanto,</span> <span class='ocrx_word' id='word_1_8' title='bbox 1969 641 2119 690; x_wconf 91' lang='lat' dir='ltr'>non</span> <span class='ocrx_word' id='word_1_9' title='bbox 2163 626 2407 689; x_wconf 87' lang='lat' dir='ltr'>essent</span> <span class='ocrx_word' id='word_1_10' title='bbox 2475 641 2778 684; x_wconf 72' lang='lat' dir='ltr'>numana</span> 
     </span>
    </p>
   </div>
   <div class='ocr_carea' id='block_1_3' title="bbox 290 723 2775 826">
    <p class='ocr_par' dir='ltr' id='par_1_3' title="bbox 290 723 2775 826">
     <span class='ocr_line' id='line_1_3' title="bbox 290 723 2775 826; baseline 0.006 -25"><span class='ocrx_word' id='word_1_11' title='bbox 290 730 670 825; x_wconf 88' lang='lat' dir='ltr'>symbola.</span> <span class='ocrx_word' id='word_1_12' title='bbox 2488 723 2775 826; x_wconf 40' lang='lat' dir='ltr'>-ssd</span> 
     </span>
    </p>
   </div>
   <div class='ocr_carea' id='block_1_4' title="bbox 390 840 2408 940">
    <p class='ocr_par' dir='ltr' id='par_1_4' title="bbox 390 840 2408 940">
     <span class='ocr_line' id='line_1_4' title="bbox 390 840 2408 940; baseline 0.001 -28"><span class='ocrx_word' id='word_1_13' title='bbox 390 840 491 916; x_wconf 91' lang='lat' dir='ltr'>B.</span> <span class='ocrx_word' id='word_1_14' title='bbox 555 842 824 916; x_wconf 76' lang='lat' dir='ltr'>Quid?</span> <span class='ocrx_word' id='word_1_15' title='bbox 929 843 1225 916; x_wconf 82' lang='lat' dir='ltr'>Nihilne</span> <span class='ocrx_word' id='word_1_16' title='bbox 1282 843 1570 917; x_wconf 84' lang='lat' dir='ltr'>addidit</span> <span class='ocrx_word' id='word_1_17' title='bbox 1630 844 1948 940; x_wconf 87' lang='lat' dir='ltr'>algebrae</span> <span class='ocrx_word' id='word_1_18' title='bbox 1981 842 2224 931; x_wconf 84' lang='lat' dir='ltr'>Victa,</span> <span class='ocrx_word' id='word_1_19' title='bbox 2278 841 2408 915; x_wconf 92' lang='lat' dir='ltr'>sed</span> 
     </span>
    </p>
   </div>
   <div class='ocr_carea' id='block_1_5' title="bbox 290 956 2408 1142">
    <p class='ocr_par' dir='ltr' id='par_1_5' title="bbox 290 956 2408 1142">
     <span class='ocr_line' id='line_1_5' title="bbox 290 956 2408 1052; baseline -0 -25"><span class='ocrx_word' id='word_1_20' title='bbox 290 968 653 1028; x_wconf 78' lang='lat' dir='ltr'>veterum</span> <span class='ocrx_word' id='word_1_21' title='bbox 699 967 918 1029; x_wconf 90' lang='lat' dir='ltr'>notas</span> <span class='ocrx_word' id='word_1_22' title='bbox 968 980 1135 1029; x_wconf 89' lang='lat' dir='ltr'>cum</span> <span class='ocrx_word' id='word_1_23' title='bbox 1189 957 1417 1030; x_wconf 90' lang='lat' dir='ltr'>literis</span> <span class='ocrx_word' id='word_1_24' title='bbox 1471 956 1841 1052; x_wconf 80' lang='lat' dir='ltr'>alphabeti</span> <span class='ocrx_word' id='word_1_25' title='bbox 1888 967 2173 1029; x_wconf 89' lang='lat' dir='ltr'>tantum</span> <span class='ocrx_word' id='word_1_26' title='bbox 2210 978 2408 1027; x_wconf 90' lang='lat' dir='ltr'>com-</span> 
     </span>
     <span class='ocr_line' id='line_1_6' title="bbox 294 1069 692 1142; baseline 0 -1"><span class='ocrx_word' id='word_1_27' title='bbox 294 1070 631 1142; x_wconf 85' lang='lat' dir='ltr'>mutavit</span> <span class='ocrx_word' id='word_1_28' title='bbox 664 1069 692 1141; x_wconf 70' lang='grc' dir='ltr'><strong><em>ἓ</em></strong></span> 
     </span>
    </p>
   </div>
   <div class='ocr_carea' id='block_1_6' title="bbox 396 1182 1141 1256">
    <p class='ocr_par' dir='ltr' id='par_1_6' title="bbox 396 1182 1141 1256">
     <span class='ocr_line' id='line_1_7' title="bbox 396 1182 1141 1256; baseline 0.003 -2"><span class='ocrx_word' id='word_1_29' title='bbox 396 1182 502 1254; x_wconf 84' lang='lat' dir='ltr'>A.</span> <span class='ocrx_word' id='word_1_30' title='bbox 562 1182 787 1254; x_wconf 93' lang='lat' dir='ltr'>Nihil</span> <span class='ocrx_word' id='word_1_31' title='bbox 820 1183 1141 1256; x_wconf 89' lang='lat' dir='ltr'>omnino.</span> 
     </span>
    </p>
   </div>
   <div class='ocr_carea' id='block_1_7' title="bbox 290 1293 2431 4450">
    <p class='ocr_par' dir='ltr' id='par_1_7' title="bbox 290 1293 2411 1618">
     <span class='ocr_line' id='line_1_8' title="bbox 398 1293 2409 1395; baseline 0.001 -30"><span class='ocrx_word' id='word_1_32' title='bbox 398 1293 497 1367; x_wconf 90' lang='lat' dir='ltr'>B.</span> <span class='ocrx_word' id='word_1_33' title='bbox 562 1296 724 1370; x_wconf 92' lang='lat' dir='ltr'>Sed</span> <span class='ocrx_word' id='word_1_34' title='bbox 757 1299 984 1392; x_wconf 84' lang='lat' dir='ltr'>ipsam</span> <span class='ocrx_word' id='word_1_35' title='bbox 1032 1309 1267 1370; x_wconf 88' lang='lat' dir='ltr'>artem</span> <span class='ocrx_word' id='word_1_36' title='bbox 1303 1297 1454 1370; x_wconf 85' lang='lat' dir='ltr'>sive</span> <span class='ocrx_word' id='word_1_37' title='bbox 1490 1296 1941 1386; x_wconf 88' lang='lat' dir='ltr'>methodum,</span> <span class='ocrx_word' id='word_1_38' title='bbox 1979 1320 2124 1393; x_wconf 92' lang='lat' dir='ltr'>qua</span> <span class='ocrx_word' id='word_1_39' title='bbox 2156 1321 2202 1370; x_wconf 92' lang='lat' dir='ltr'>a</span> <span class='ocrx_word' id='word_1_40' title='bbox 2234 1321 2409 1395; x_wconf 70' lang='lat' dir='ltr'>sup-</span> 
     </span>
     <span class='ocr_line' id='line_1_9' title="bbox 290 1410 2411 1508; baseline 0 -26"><span class='ocrx_word' id='word_1_41' title='bbox 290 1410 556 1508; x_wconf 72' lang='lat' dir='ltr'>posito</span> <span class='ocrx_word' id='word_1_42' title='bbox 615 1410 714 1483; x_wconf 93' lang='lat' dir='ltr'>ad</span> <span class='ocrx_word' id='word_1_43' title='bbox 752 1411 1131 1507; x_wconf 66' lang='lat' dir='ltr'>quaesitum</span> <span class='ocrx_word' id='word_1_44' title='bbox 1156 1411 1275 1484; x_wconf 90' lang='lat' dir='ltr'>via</span> <span class='ocrx_word' id='word_1_45' title='bbox 1306 1411 1733 1484; x_wconf 87' lang='lat' dir='ltr'>brevissima</span> <span class='ocrx_word' id='word_1_46' title='bbox 1767 1412 2211 1508; x_wconf 89' lang='lat' dir='ltr'>pervenitur,</span> <span class='ocrx_word' id='word_1_47' title='bbox 2249 1410 2411 1506; x_wconf 87' lang='lat' dir='ltr'>quis</span> 
     </span>
     <span class='ocr_line' id='line_1_10' title="bbox 306 1522 1142 1618; baseline 0 -24"><span class='ocrx_word' id='word_1_48' title='bbox 306 1524 777 1618; x_wconf 84' lang='lat' dir='ltr'>excogitavit</span> <span class='ocrx_word' id='word_1_49' title='bbox 810 1522 1088 1618; x_wconf 89' lang='lat' dir='ltr'>primus</span> <span class='ocrx_word' id='word_1_50' title='bbox 1117 1522 1142 1595; x_wconf 70' lang='grc' dir='ltr'><strong><em>Ρ</em></strong></span> 
     </span>
    </p>

    <p class='ocr_par' dir='ltr' id='par_1_8' title="bbox 314 1633 2426 3660">
     <span class='ocr_line' id='line_1_11' title="bbox 406 1633 2410 1735; baseline 0.002 -28"><span class='ocrx_word' id='word_1_51' title='bbox 406 1633 500 1708; x_wconf 84' lang='grc' dir='ltr'>Α.</span> <span class='ocrx_word' id='word_1_52' title='bbox 564 1637 843 1708; x_wconf 90' lang='lat' dir='ltr'>Nescio</span> <span class='ocrx_word' id='word_1_53' title='bbox 873 1667 892 1720; x_wconf 92' lang='lat'>;</span> <span class='ocrx_word' id='word_1_54' title='bbox 964 1636 1106 1709; x_wconf 88' lang='lat' dir='ltr'>nisi</span> <span class='ocrx_word' id='word_1_55' title='bbox 1163 1660 1414 1709; x_wconf 85' lang='lat' dir='ltr'>verum</span> <span class='ocrx_word' id='word_1_56' title='bbox 1477 1638 1598 1727; x_wconf 91' lang='lat' dir='ltr'>sit,</span> <span class='ocrx_word' id='word_1_57' title='bbox 1657 1635 1857 1735; x_wconf 93' lang='lat' dir='ltr'>quod</span> <span class='ocrx_word' id='word_1_58' title='bbox 1922 1636 2222 1709; x_wconf 93' lang='lat' dir='ltr'>memini</span> <span class='ocrx_word' id='word_1_59' title='bbox 2290 1660 2410 1711; x_wconf 91' lang='lat' dir='ltr'>me</span> 
     </span>
     <span class='ocr_line' id='line_1_12' title="bbox 314 1747 2408 1847; baseline 0.001 -28"><span class='ocrx_word' id='word_1_60' title='bbox 314 1747 589 1822; x_wconf 89' lang='lat' dir='ltr'>alicubi</span> <span class='ocrx_word' id='word_1_61' title='bbox 640 1748 929 1846; x_wconf 81' lang='lat' dir='ltr'>legisse,</span> <span class='ocrx_word' id='word_1_62' title='bbox 977 1748 1200 1822; x_wconf 84' lang='lat' dir='ltr'>fuisse</span> <span class='ocrx_word' id='word_1_63' title='bbox 1236 1751 1555 1823; x_wconf 91' lang='lat' dir='ltr'>Arabem</span> <span class='ocrx_word' id='word_1_64' title='bbox 1612 1750 1979 1847; x_wconf 89' lang='lat' dir='ltr'>quendam</span> <span class='ocrx_word' id='word_1_65' title='bbox 2012 1749 2408 1840; x_wconf 88' lang='lat' dir='ltr'>Ghebrum,</span> 
     </span>
     <span class='ocr_line' id='line_1_13' title="bbox 316 1861 2412 1958; baseline 0.001 -26"><span class='ocrx_word' id='word_1_66' title='bbox 316 1884 360 1932; x_wconf 90' lang='lat' dir='ltr'>a</span> <span class='ocrx_word' id='word_1_67' title='bbox 407 1886 561 1958; x_wconf 91' lang='lat' dir='ltr'>quo</span> <span class='ocrx_word' id='word_1_68' title='bbox 625 1862 849 1934; x_wconf 89' lang='lat' dir='ltr'>etiam</span> <span class='ocrx_word' id='word_1_69' title='bbox 902 1872 1136 1933; x_wconf 87' lang='lat' dir='ltr'>artem</span> <span class='ocrx_word' id='word_1_70' title='bbox 1183 1861 1437 1957; x_wconf 86' lang='lat' dir='ltr'>ipsam,</span> <span class='ocrx_word' id='word_1_71' title='bbox 1485 1862 1545 1935; x_wconf 87' lang='lat' dir='ltr'>si</span> <span class='ocrx_word' id='word_1_72' title='bbox 1599 1862 1819 1936; x_wconf 94' lang='lat' dir='ltr'>modo</span> <span class='ocrx_word' id='word_1_73' title='bbox 1870 1886 1987 1935; x_wconf 90' lang='lat' dir='ltr'>ars</span> <span class='ocrx_word' id='word_1_74' title='bbox 2038 1863 2134 1934; x_wconf 89' lang='lat' dir='ltr'>sit</span> <span class='ocrx_word' id='word_1_75' title='bbox 2167 1863 2412 1957; x_wconf 89' lang='lat' dir='ltr'>potius</span> 
     </span>
     <span class='ocr_line' id='line_1_14' title="bbox 318 1973 2414 2073; baseline -0.001 -26"><span class='ocrx_word' id='word_1_76' title='bbox 318 1998 545 2070; x_wconf 87' lang='lat' dir='ltr'>quam</span> <span class='ocrx_word' id='word_1_77' title='bbox 600 1997 832 2065; x_wconf 89' lang='lat' dir='ltr'>casus,</span> <span class='ocrx_word' id='word_1_78' title='bbox 884 1973 1423 2047; x_wconf 87' lang='lat' dir='ltr'>denominatam</span> <span class='ocrx_word' id='word_1_79' title='bbox 1477 1999 1639 2048; x_wconf 90' lang='lat' dir='ltr'>esse</span> <span class='ocrx_word' id='word_1_80' title='bbox 1670 1973 2104 2073; x_wconf 82' lang='lat' dir='ltr'>Algebram.</span> <span class='ocrx_word' id='word_1_81' title='bbox 2208 1973 2414 2068; x_wconf 86' lang='lat' dir='ltr'>Sym-</span> 
     </span>
     <span class='ocr_line' id='line_1_15' title="bbox 317 2086 2418 2184; baseline -0.001 -24"><span class='ocrx_word' id='word_1_82' title='bbox 317 2087 492 2160; x_wconf 91' lang='lat' dir='ltr'>bola</span> <span class='ocrx_word' id='word_1_83' title='bbox 526 2086 832 2184; x_wconf 90' lang='lat' dir='ltr'>quidem</span> <span class='ocrx_word' id='word_1_84' title='bbox 866 2087 1161 2172; x_wconf 90' lang='lat' dir='ltr'>addere,</span> <span class='ocrx_word' id='word_1_85' title='bbox 1196 2089 1656 2178; x_wconf 85' lang='lat' dir='ltr'>subtrahere,</span> <span class='ocrx_word' id='word_1_86' title='bbox 1689 2088 2199 2183; x_wconf 89' lang='lat' dir='ltr'>multiplicare,</span> <span class='ocrx_word' id='word_1_87' title='bbox 2237 2086 2418 2158; x_wconf 84' lang='lat' dir='ltr'>divi-</span> 
     </span>
     <span class='ocr_line' id='line_1_16' title="bbox 324 2198 2417 2289; baseline -0.001 -18"><span class='ocrx_word' id='word_1_88' title='bbox 324 2199 500 2274; x_wconf 89' lang='lat' dir='ltr'>dere</span> <span class='ocrx_word' id='word_1_89' title='bbox 535 2200 890 2289; x_wconf 90' lang='lat' dir='ltr'>binomia,</span> <span class='ocrx_word' id='word_1_90' title='bbox 931 2200 1298 2289; x_wconf 85' lang='lat' dir='ltr'>trinomia,</span> <span class='ocrx_word' id='word_1_91' title='bbox 1335 2214 1504 2289; x_wconf 89' lang='lat' dir='ltr'>etc.,</span> <span class='ocrx_word' id='word_1_92' title='bbox 1541 2201 1721 2274; x_wconf 88' lang='lat' dir='ltr'>artis</span> <span class='ocrx_word' id='word_1_93' title='bbox 1761 2223 1920 2273; x_wconf 85' lang='lat' dir='ltr'>esse</span> <span class='ocrx_word' id='word_1_94' title='bbox 1952 2198 2214 2287; x_wconf 84' lang='lat' dir='ltr'>fateor,</span> <span class='ocrx_word' id='word_1_95' title='bbox 2268 2221 2417 2270; x_wconf 92' lang='lat' dir='ltr'>non</span> 
     </span>
     <span class='ocr_line' id='line_1_17' title="bbox 325 2309 2417 2410; baseline -0.001 -25"><span class='ocrx_word' id='word_1_96' title='bbox 325 2336 650 2410; x_wconf 76' lang='lat' dir='ltr'>magnae.</span> <span class='ocrx_word' id='word_1_97' title='bbox 757 2313 904 2386; x_wconf 87' lang='lat' dir='ltr'>Sed</span> <span class='ocrx_word' id='word_1_98' title='bbox 937 2325 1022 2386; x_wconf 91' lang='lat' dir='ltr'>ut</span> <span class='ocrx_word' id='word_1_99' title='bbox 1057 2336 1147 2384; x_wconf 82' lang='lat' dir='ltr'>ex</span> <span class='ocrx_word' id='word_1_100' title='bbox 1182 2314 1558 2409; x_wconf 87' lang='lat' dir='ltr'>supposito</span> <span class='ocrx_word' id='word_1_101' title='bbox 1615 2314 2030 2387; x_wconf 87' lang='lat' dir='ltr'>inveniatur</span> <span class='ocrx_word' id='word_1_102' title='bbox 2088 2311 2166 2384; x_wconf 90' lang='lat' dir='ltr'>id</span> <span class='ocrx_word' id='word_1_103' title='bbox 2219 2309 2417 2409; x_wconf 93' lang='lat' dir='ltr'>quod</span> 
     </span>
     <span class='ocr_line' id='line_1_18' title="bbox 327 2424 2418 2522; baseline -0.002 -23"><span class='ocrx_word' id='word_1_104' title='bbox 327 2428 715 2521; x_wconf 85' lang='lat' dir='ltr'>quaeritur,</span> <span class='ocrx_word' id='word_1_105' title='bbox 751 2426 893 2499; x_wconf 89' lang='lat' dir='ltr'>nisi</span> <span class='ocrx_word' id='word_1_106' title='bbox 947 2427 1024 2498; x_wconf 90' lang='lat' dir='ltr'>in</span> <span class='ocrx_word' id='word_1_107' title='bbox 1079 2425 1445 2499; x_wconf 82' lang='lat' dir='ltr'>facillimis</span> <span class='ocrx_word' id='word_1_108' title='bbox 1506 2428 2058 2522; x_wconf 71' lang='lat' dir='ltr'>quaestionibus,</span> <span class='ocrx_word' id='word_1_109' title='bbox 2111 2424 2189 2497; x_wconf 91' lang='lat' dir='ltr'>id</span> <span class='ocrx_word' id='word_1_110' title='bbox 2245 2448 2418 2496; x_wconf 91' lang='lat' dir='ltr'>vero</span> 
     </span>
     <span class='ocr_line' id='line_1_19' title="bbox 325 2539 2419 2639; baseline -0.001 -25"><span class='ocrx_word' id='word_1_111' title='bbox 325 2562 683 2638; x_wconf 85' lang='lat' dir='ltr'>pernego.</span> <span class='ocrx_word' id='word_1_112' title='bbox 789 2539 989 2615; x_wconf 78' lang='lat' dir='ltr'>Quid</span> <span class='ocrx_word' id='word_1_113' title='bbox 1024 2540 1216 2613; x_wconf 92' lang='lat' dir='ltr'>enim</span> <span class='ocrx_word' id='word_1_114' title='bbox 1241 2540 1572 2637; x_wconf 88' lang='lat' dir='ltr'>magistri</span> <span class='ocrx_word' id='word_1_115' title='bbox 1600 2541 2020 2639; x_wconf 67' lang='lat' dir='ltr'>symbolicae</span> <span class='ocrx_word' id='word_1_116' title='bbox 2044 2539 2419 2614; x_wconf 84' lang='lat' dir='ltr'>hodiernae</span> 
     </span>
     <span class='ocr_line' id='line_1_20' title="bbox 330 2653 2418 2752; baseline -0 -26"><span class='ocrx_word' id='word_1_117' title='bbox 330 2656 659 2744; x_wconf 82' lang='lat' dir='ltr'>maximi,</span> <span class='ocrx_word' id='word_1_118' title='bbox 688 2653 1159 2750; x_wconf 85' lang='lat' dir='ltr'>Ougthredus</span> <span class='ocrx_word' id='word_1_119' title='bbox 1196 2666 1271 2727; x_wconf 98' lang='lat' dir='ltr'>et</span> <span class='ocrx_word' id='word_1_120' title='bbox 1308 2655 1702 2745; x_wconf 82' lang='lat' dir='ltr'>CartesiuS,</span> <span class='ocrx_word' id='word_1_121' title='bbox 1725 2654 1926 2729; x_wconf 93' lang='lat' dir='ltr'>aliud</span> <span class='ocrx_word' id='word_1_122' title='bbox 1959 2654 2418 2752; x_wconf 76' lang='lat' dir='ltr'>praecipiunt,</span> 
     </span>
     <span class='ocr_line' id='line_1_21' title="bbox 332 2767 2420 2866; baseline -0.001 -25"><span class='ocrx_word' id='word_1_123' title='bbox 332 2792 553 2863; x_wconf 91' lang='lat' dir='ltr'>quam</span> <span class='ocrx_word' id='word_1_124' title='bbox 597 2780 683 2841; x_wconf 90' lang='lat' dir='ltr'>ut</span> <span class='ocrx_word' id='word_1_125' title='bbox 730 2792 865 2864; x_wconf 93' lang='lat' dir='ltr'>pro</span> <span class='ocrx_word' id='word_1_126' title='bbox 904 2769 1312 2863; x_wconf 88' lang='lat' dir='ltr'>quantitate</span> <span class='ocrx_word' id='word_1_127' title='bbox 1366 2770 1677 2865; x_wconf 83' lang='lat' dir='ltr'>quaesita</span> <span class='ocrx_word' id='word_1_128' title='bbox 1737 2792 2231 2866; x_wconf 87' lang='lat' dir='ltr'>supponamus</span> <span class='ocrx_word' id='word_1_129' title='bbox 2288 2767 2420 2840; x_wconf 92' lang='lat' dir='ltr'>ali-</span> 
     </span>
     <span class='ocr_line' id='line_1_22' title="bbox 336 2880 2422 2982; baseline -0.001 -26"><span class='ocrx_word' id='word_1_130' title='bbox 336 2906 557 2978; x_wconf 89' lang='lat' dir='ltr'>quam</span> <span class='ocrx_word' id='word_1_131' title='bbox 591 2905 684 2954; x_wconf 84' lang='lat' dir='ltr'>ex</span> <span class='ocrx_word' id='word_1_132' title='bbox 720 2880 1107 2977; x_wconf 88' lang='lat' dir='ltr'>alphabeto</span> <span class='ocrx_word' id='word_1_133' title='bbox 1143 2882 1457 2970; x_wconf 88' lang='lat' dir='ltr'>literam,</span> <span class='ocrx_word' id='word_1_134' title='bbox 1495 2894 1571 2955; x_wconf 92' lang='lat' dir='ltr'>et</span> <span class='ocrx_word' id='word_1_135' title='bbox 1604 2883 1776 2956; x_wconf 92' lang='lat' dir='ltr'>inde</span> <span class='ocrx_word' id='word_1_136' title='bbox 1810 2894 1996 2982; x_wconf 79' lang='lat' dir='ltr'>apta</span> <span class='ocrx_word' id='word_1_137' title='bbox 2033 2882 2422 2956; x_wconf 92' lang='lat' dir='ltr'>ratiocina-</span> 
     </span>
     <span class='ocr_line' id='line_1_23' title="bbox 332 2994 2418 3092; baseline -0.001 -24"><span class='ocrx_word' id='word_1_138' title='bbox 332 2996 536 3069; x_wconf 90' lang='lat' dir='ltr'>tione</span> <span class='ocrx_word' id='word_1_139' title='bbox 562 2994 1044 3092; x_wconf 87' lang='lat' dir='ltr'>procedamus</span> <span class='ocrx_word' id='word_1_140' title='bbox 1066 2995 1162 3067; x_wconf 92' lang='lat' dir='ltr'>ad</span> <span class='ocrx_word' id='word_1_141' title='bbox 1191 2995 1761 3091; x_wconf 80' lang='lat' dir='ltr'>consequentia?</span> <span class='ocrx_word' id='word_1_142' title='bbox 1841 2997 1943 3069; x_wconf 91' lang='lat' dir='ltr'>At</span> <span class='ocrx_word' id='word_1_143' title='bbox 1972 2997 2032 3069; x_wconf 92' lang='lat' dir='ltr'>si</span> <span class='ocrx_word' id='word_1_144' title='bbox 2060 3019 2179 3068; x_wconf 88' lang='lat' dir='ltr'>ars</span> <span class='ocrx_word' id='word_1_145' title='bbox 2206 3005 2418 3081; x_wconf 91' lang='lat' dir='ltr'>esset,</span> 
     </span>
     <span class='ocr_line' id='line_1_24' title="bbox 337 3107 2425 3207; baseline 0.001 -28"><span class='ocrx_word' id='word_1_146' title='bbox 337 3107 696 3182; x_wconf 90' lang='lat' dir='ltr'>deberent</span> <span class='ocrx_word' id='word_1_147' title='bbox 752 3132 1089 3203; x_wconf 84' lang='lat' dir='ltr'>quaenam</span> <span class='ocrx_word' id='word_1_148' title='bbox 1151 3108 1249 3181; x_wconf 90' lang='lat' dir='ltr'>sit</span> <span class='ocrx_word' id='word_1_149' title='bbox 1306 3108 1431 3181; x_wconf 92' lang='lat' dir='ltr'>illa</span> <span class='ocrx_word' id='word_1_150' title='bbox 1492 3118 1681 3207; x_wconf 82' lang='lat' dir='ltr'>apta</span> <span class='ocrx_word' id='word_1_151' title='bbox 1741 3109 2203 3182; x_wconf 88' lang='lat' dir='ltr'>ratiocinatio</span> <span class='ocrx_word' id='word_1_152' title='bbox 2262 3109 2425 3204; x_wconf 87' lang='lat' dir='ltr'>ipsa</span> 
     </span>
     <span class='ocr_line' id='line_1_25' title="bbox 336 3221 2425 3319; baseline 0 -25"><span class='ocrx_word' id='word_1_153' title='bbox 336 3221 745 3295; x_wconf 87' lang='lat' dir='ltr'>ostendere.</span> <span class='ocrx_word' id='word_1_154' title='bbox 828 3221 1047 3296; x_wconf 77' lang='lat' dir='ltr'>Quod</span> <span class='ocrx_word' id='word_1_155' title='bbox 1068 3245 1234 3294; x_wconf 90' lang='lat' dir='ltr'>cum</span> <span class='ocrx_word' id='word_1_156' title='bbox 1265 3246 1411 3294; x_wconf 95' lang='lat' dir='ltr'>non</span> <span class='ocrx_word' id='word_1_157' title='bbox 1439 3221 1737 3311; x_wconf 88' lang='lat' dir='ltr'>faciant,</span> <span class='ocrx_word' id='word_1_158' title='bbox 1762 3222 2179 3319; x_wconf 86' lang='lat' dir='ltr'>algebristae</span> <span class='ocrx_word' id='word_1_159' title='bbox 2205 3222 2425 3295; x_wconf 93' lang='lat' dir='ltr'>modo</span> 
     </span>
     <span class='ocr_line' id='line_1_26' title="bbox 338 3333 2425 3432; baseline 0 -26"><span class='ocrx_word' id='word_1_160' title='bbox 338 3335 428 3409; x_wconf 90' lang='lat' dir='ltr'>ab</span> <span class='ocrx_word' id='word_1_161' title='bbox 461 3359 616 3408; x_wconf 90' lang='lat' dir='ltr'>uno</span> <span class='ocrx_word' id='word_1_162' title='bbox 652 3335 1053 3431; x_wconf 87' lang='lat' dir='ltr'>supposit0,</span> <span class='ocrx_word' id='word_1_163' title='bbox 1090 3333 1313 3407; x_wconf 91' lang='lat' dir='ltr'>modo</span> <span class='ocrx_word' id='word_1_164' title='bbox 1364 3335 1457 3407; x_wconf 91' lang='lat' dir='ltr'>ab</span> <span class='ocrx_word' id='word_1_165' title='bbox 1512 3335 1655 3408; x_wconf 91' lang='lat' dir='ltr'>alio</span> <span class='ocrx_word' id='word_1_166' title='bbox 1707 3335 2057 3432; x_wconf 90' lang='lat' dir='ltr'>incipere,</span> <span class='ocrx_word' id='word_1_167' title='bbox 2096 3347 2173 3409; x_wconf 91' lang='lat' dir='ltr'>et</span> <span class='ocrx_word' id='word_1_168' title='bbox 2207 3335 2425 3408; x_wconf 91' lang='lat' dir='ltr'>modo</span> 
     </span>
     <span class='ocr_line' id='line_1_27' title="bbox 338 3447 2426 3546; baseline 0 -26"><span class='ocrx_word' id='word_1_169' title='bbox 338 3471 585 3534; x_wconf 89' lang='lat' dir='ltr'>unam,</span> <span class='ocrx_word' id='word_1_170' title='bbox 623 3448 844 3520; x_wconf 92' lang='lat' dir='ltr'>modo</span> <span class='ocrx_word' id='word_1_171' title='bbox 879 3449 1098 3521; x_wconf 89' lang='lat' dir='ltr'>aliam</span> <span class='ocrx_word' id='word_1_172' title='bbox 1129 3449 1324 3521; x_wconf 86' lang='lat' dir='ltr'>viam</span> <span class='ocrx_word' id='word_1_173' title='bbox 1375 3448 1689 3544; x_wconf 90' lang='lat' dir='ltr'>ingredi,</span> <span class='ocrx_word' id='word_1_174' title='bbox 1726 3460 2113 3546; x_wconf 90' lang='lat' dir='ltr'>coguntur.</span> <span class='ocrx_word' id='word_1_175' title='bbox 2221 3447 2426 3521; x_wconf 93' lang='lat' dir='ltr'>Adeo</span> 
     </span>
     <span class='ocr_line' id='line_1_28' title="bbox 339 3561 2426 3660; baseline 0 -26"><span class='ocrx_word' id='word_1_176' title='bbox 339 3575 422 3635; x_wconf 91' lang='lat' dir='ltr'>ut</span> <span class='ocrx_word' id='word_1_177' title='bbox 472 3585 629 3634; x_wconf 92' lang='lat' dir='ltr'>non</span> <span class='ocrx_word' id='word_1_178' title='bbox 690 3561 931 3634; x_wconf 91' lang='lat' dir='ltr'>minus</span> <span class='ocrx_word' id='word_1_179' title='bbox 971 3561 1279 3634; x_wconf 87' lang='lat' dir='ltr'>fortuito</span> <span class='ocrx_word' id='word_1_180' title='bbox 1332 3562 1719 3660; x_wconf 67' lang='lat' dir='ltr'>quaesitum</span> <span class='ocrx_word' id='word_1_181' title='bbox 1768 3563 2173 3651; x_wconf 88' lang='lat' dir='ltr'>inveniunt,</span> <span class='ocrx_word' id='word_1_182' title='bbox 2206 3585 2426 3658; x_wconf 92' lang='lat' dir='ltr'>quam</span> 
     </span>
    </p>

    <p class='ocr_par' dir='ltr' id='par_1_9' title="bbox 342 3673 2431 4450">
     <span class='ocr_line' id='line_1_29' title="bbox 342 3673 2424 3772; baseline 0 -26"><span class='ocrx_word' id='word_1_183' title='bbox 342 3677 398 3747; x_wconf 90' lang='lat' dir='ltr'>si</span> <span class='ocrx_word' id='word_1_184' title='bbox 434 3676 600 3772; x_wconf 90' lang='lat' dir='ltr'>quis</span> <span class='ocrx_word' id='word_1_185' title='bbox 634 3675 710 3748; x_wconf 91' lang='lat' dir='ltr'>in</span> <span class='ocrx_word' id='word_1_186' title='bbox 749 3675 1109 3764; x_wconf 89' lang='lat' dir='ltr'>cubiculo,</span> <span class='ocrx_word' id='word_1_187' title='bbox 1138 3678 1382 3771; x_wconf 87' lang='lat' dir='ltr'>jussus</span> <span class='ocrx_word' id='word_1_188' title='bbox 1411 3673 1622 3747; x_wconf 89' lang='lat' dir='ltr'>initio</span> <span class='ocrx_word' id='word_1_189' title='bbox 1667 3674 1866 3747; x_wconf 84' lang='lat' dir='ltr'>facto</span> <span class='ocrx_word' id='word_1_190' title='bbox 1902 3699 1947 3747; x_wconf 93' lang='lat' dir='ltr'>a</span> <span class='ocrx_word' id='word_1_191' title='bbox 1979 3674 2228 3748; x_wconf 90' lang='lat' dir='ltr'>limine</span> <span class='ocrx_word' id='word_1_192' title='bbox 2264 3674 2424 3748; x_wconf 90' lang='lat' dir='ltr'>dili-</span> 
     </span>
     <span class='ocr_line' id='line_1_30' title="bbox 342 3787 2425 3884; baseline -0.001 -23"><span class='ocrx_word' id='word_1_193' title='bbox 342 3801 606 3884; x_wconf 88' lang='lat' dir='ltr'>genter</span> <span class='ocrx_word' id='word_1_194' title='bbox 659 3797 901 3861; x_wconf 91' lang='lat' dir='ltr'>totum</span> <span class='ocrx_word' id='word_1_195' title='bbox 953 3787 1370 3861; x_wconf 89' lang='lat' dir='ltr'>cubiculum</span> <span class='ocrx_word' id='word_1_196' title='bbox 1416 3787 1721 3859; x_wconf 89' lang='lat' dir='ltr'>intentis</span> <span class='ocrx_word' id='word_1_197' title='bbox 1769 3787 1997 3860; x_wconf 91' lang='lat' dir='ltr'>oculis</span> <span class='ocrx_word' id='word_1_198' title='bbox 2051 3800 2127 3859; x_wconf 92' lang='lat' dir='ltr'>et</span> <span class='ocrx_word' id='word_1_199' title='bbox 2180 3788 2425 3860; x_wconf 90' lang='lat' dir='ltr'>animo</span> 
     </span>
     <span class='ocr_line' id='line_1_31' title="bbox 342 3900 2424 3996; baseline -0.001 -22"><span class='ocrx_word' id='word_1_200' title='bbox 342 3925 795 3996; x_wconf 89' lang='lat' dir='ltr'>percurrere,</span> <span class='ocrx_word' id='word_1_201' title='bbox 816 3902 1178 3975; x_wconf 87' lang='lat' dir='ltr'>inveniret</span> <span class='ocrx_word' id='word_1_202' title='bbox 1210 3901 1560 3974; x_wconf 89' lang='lat' dir='ltr'>latentem</span> <span class='ocrx_word' id='word_1_203' title='bbox 1588 3900 1964 3974; x_wconf 88' lang='lat' dir='ltr'>aciculam.</span> <span class='ocrx_word' id='word_1_204' title='bbox 2042 3900 2424 3986; x_wconf 83' lang='lat' dir='ltr'>Praeterea,</span> 
     </span>
     <span class='ocr_line' id='line_1_32' title="bbox 344 4013 2427 4112; baseline -0.001 -26"><span class='ocrx_word' id='word_1_205' title='bbox 344 4014 828 4112; x_wconf 90' lang='lat' dir='ltr'>logarithmos</span> <span class='ocrx_word' id='word_1_206' title='bbox 862 4013 1237 4088; x_wconf 88' lang='lat' dir='ltr'>invenitne</span> <span class='ocrx_word' id='word_1_207' title='bbox 1274 4014 1611 4109; x_wconf 90' lang='lat' dir='ltr'>Neperus</span> <span class='ocrx_word' id='word_1_208' title='bbox 1646 4038 1783 4110; x_wconf 92' lang='lat' dir='ltr'>ope</span> <span class='ocrx_word' id='word_1_209' title='bbox 1819 4013 2186 4109; x_wconf 80' lang='lat' dir='ltr'>algebrae?</span> <span class='ocrx_word' id='word_1_210' title='bbox 2275 4014 2427 4084; x_wconf 92' lang='lat' dir='ltr'>Aut</span> 
     </span>
     <span class='ocr_line' id='line_1_33' title="bbox 347 4126 2428 4224; baseline -0.002 -24"><span class='ocrx_word' id='word_1_211' title='bbox 347 4129 469 4222; x_wconf 92' lang='lat' dir='ltr'>qui</span> <span class='ocrx_word' id='word_1_212' title='bbox 528 4152 887 4202; x_wconf 90' lang='lat' dir='ltr'>canonem</span> <span class='ocrx_word' id='word_1_213' title='bbox 945 4126 1275 4200; x_wconf 91' lang='lat' dir='ltr'>condidit</span> <span class='ocrx_word' id='word_1_214' title='bbox 1324 4126 1640 4216; x_wconf 92' lang='lat' dir='ltr'>sinuum,</span> <span class='ocrx_word' id='word_1_215' title='bbox 1693 4128 2178 4224; x_wconf 89' lang='lat' dir='ltr'>tangentium,</span> <span class='ocrx_word' id='word_1_216' title='bbox 2207 4136 2284 4196; x_wconf 93' lang='lat' dir='ltr'>et</span> <span class='ocrx_word' id='word_1_217' title='bbox 2316 4147 2428 4196; x_wconf 89' lang='lat' dir='ltr'>se-</span> 
     </span>
     <span class='ocr_line' id='line_1_34' title="bbox 347 4235 2428 4336; baseline -0 -26"><span class='ocrx_word' id='word_1_218' title='bbox 347 4242 695 4328; x_wconf 90' lang='lat' dir='ltr'>cantium,</span> <span class='ocrx_word' id='word_1_219' title='bbox 764 4264 896 4336; x_wconf 92' lang='lat' dir='ltr'>per</span> <span class='ocrx_word' id='word_1_220' title='bbox 964 4240 1501 4312; x_wconf 90' lang='lat' dir='ltr'>arithmeticam</span> <span class='ocrx_word' id='word_1_221' title='bbox 1585 4239 1985 4335; x_wconf 90' lang='lat' dir='ltr'>speciosam</span> <span class='ocrx_word' id='word_1_222' title='bbox 2053 4235 2129 4307; x_wconf 93' lang='lat' dir='ltr'>id</span> <span class='ocrx_word' id='word_1_223' title='bbox 2197 4235 2371 4309; x_wconf 90' lang='lat' dir='ltr'>fecit</span> <span class='ocrx_word' id='word_1_224' title='bbox 2402 4236 2428 4308; x_wconf 69' lang='grc' dir='ltr'>ἓ</span> 
     </span>
     <span class='ocr_line' id='line_1_35' title="bbox 350 4347 2431 4450; baseline -0.002 -24"><span class='ocrx_word' id='word_1_225' title='bbox 350 4353 683 4450; x_wconf 92' lang='lat' dir='ltr'>Denique</span> <span class='ocrx_word' id='word_1_226' title='bbox 721 4378 886 4450; x_wconf 83' lang='lat' dir='ltr'>quae</span> <span class='ocrx_word' id='word_1_227' title='bbox 921 4353 1329 4448; x_wconf 88' lang='lat' dir='ltr'>propositio</span> <span class='ocrx_word' id='word_1_228' title='bbox 1374 4352 1678 4424; x_wconf 88' lang='lat' dir='ltr'>inventa</span> <span class='ocrx_word' id='word_1_229' title='bbox 1709 4376 1842 4448; x_wconf 92' lang='lat' dir='ltr'>per</span> <span class='ocrx_word' id='word_1_230' title='bbox 1875 4347 2244 4443; x_wconf 89' lang='lat' dir='ltr'>algebram</span> <span class='ocrx_word' id='word_1_231' title='bbox 2284 4374 2431 4422; x_wconf 92' lang='lat' dir='ltr'>non</span> 
     </span>
    </p>
   </div>
  </div>
 </body>
</html>
