3094 5125
1063 495 1429 550 cunm-10
1471 495 1853 548 smmum.
2338 478 2481 546 503

411 673 485 739 et
544 663 919 737 semissem
988 663 1215 761 ipsius
1270 664 1393 735 Ze.
1498 661 1962 737 Quadratum
2016 668 2262 734 autem
2306 682 2355 732 a
2383 658 2485 749 Ze

407 778 682 874 aequale
735 788 845 852 est
877 786 967 869 δὲ
1003 776 1379 874 quadratis
1412 801 1458 850 a
1490 777 1752 872 quinta
1803 786 2013 871 parte
2066 797 2279 847 arcus
2333 771 2481 845 BC.

409 889 778 964 Differunt
844 914 1021 987 ergo
1088 905 1339 963 rursus
1402 890 1660 963 eadem
1720 889 2009 964 ratione
2075 911 2220 985 qua
2284 898 2483 960 ante.

409 1005 797 1091 Praeterea,
833 1003 1191 1101 quadrata
1223 1002 1316 1075 ab
1349 1000 1460 1091 eb,
1495 1027 1636 1092 mn,
1671 1003 1774 1092 kl,
1811 1002 1982 1100 quia
2032 1012 2204 1074 sunt
2242 1000 2321 1073 in
2366 1022 2485 1073 ra-

410 1117 612 1190 tione
648 1117 1174 1214 quadratorum
1208 1117 1299 1189 ab
1336 1117 1474 1204 An,
1504 1116 1627 1205 Al,
1655 1115 1787 1212 Af,
1820 1115 1899 1188 id
1934 1127 2046 1189 est
2076 1115 2153 1188 in
2199 1112 2485 1186 ratione

410 1229 932 1327 quadratorum
960 1230 1052 1303 ab
1079 1229 1230 1317 AZ,
1255 1227 1391 1315 Ah,
1420 1229 1553 1317 Ae,
1579 1229 1954 1302 habebunt
1983 1228 2241 1301 eodem
2263 1225 2486 1300 modo

388 1343 774 1416 ·calculum
839 1342 1370 1439 geometricum
1429 1343 1521 1415 ab
1585 1342 2054 1416 arithmetico
2119 1341 2489 1415 diversum

394 1456 604 1531 ‘sieut
634 1457 784 1545 illa,
821 1481 1082 1553 nempe
1134 1468 1219 1528 ut
1253 1480 1383 1551 per
1416 1455 1781 1555 Regulam
1817 1456 2145 1529 Auream
2177 1453 2489 1551 quadra-

413 1581 573 1643 tum
607 1572 701 1644 ab
737 1571 853 1644 Alc
884 1569 1002 1644 vel
1036 1570 1122 1643 kl
1151 1572 1384 1666 majus
1410 1571 1614 1666 justo
1662 1570 1758 1643 sit
1792 1581 2068 1665 quanto
2103 1570 2339 1664 majus
2375 1578 2487 1640 est

405 1680 474 1775 ξ
504 1678 795 1780 quamJ—
830 1683 1048 1757 unius
1081 1682 1405 1756 unitatis,

393 1832 397 1837 ·
512 1797 914 1884 PostremO,
938 1796 1110 1893 quia
1142 1795 1582 1893 quadratum
1616 1819 1662 1869 a
1696 1794 1821 1869 CG
1852 1793 2014 1888 (16)
2046 1804 2157 1867 est
2188 1792 2281 1866 ad
2317 1815 2492 1889 qua-

416 1910 708 1984 dratum
767 1934 813 1983 a
854 1911 955 1983 Ze
994 1910 1155 2004 (10)
1198 1922 1282 1982 ut
1340 1917 1425 1982 16
1476 1908 1572 1982 ad
1616 1916 1729 1998 10,
1783 1908 1936 1985 sive
1984 1920 2071 1980 ut
2128 1914 2214 1982 10
2248 1905 2342 1979 ad
2376 1914 2493 2004 δέ,

412 2022 855 2121 quadratum
907 2022 999 2095 ab
1055 2019 1142 2094 eb
1181 2021 1332 2095 sive
1380 2022 1487 2094 Ae
1537 2020 1652 2114 (ut
1705 2032 1877 2096 ante
1928 2032 2301 2094 ostensum
2342 2021 2486 2111 est)

396 2137 558 2210 ,erit
589 2136 721 2217 θὲς
775 2132 973 2232 quod
1035 2134 1402 2208 consentit
1452 2158 1622 2207 cum
1679 2134 1959 2208 calculo
2014 2133 2490 2230 geometrico,

417 2249 566 2323 Sed
597 2248 956 2347 quadrata
988 2246 1114 2320 illa
1164 2270 1312 2320 non
1365 2258 1539 2320 sunt
1584 2246 2031 2336 immediata,
2065 2246 2236 2344 quia
2270 2246 2493 2319 inter-

413 2373 792 2460 ponuntur
825 2358 1182 2457 quadrata
1216 2359 1307 2431 ab
1337 2358 1478 2433 ΥΩ
1513 2369 1590 2432 et
1623 2358 1766 2432 hL.

516 2474 775 2572 Neque
818 2474 1084 2546 mirum
1128 2470 1360 2545 videri
1419 2471 1663 2562 debet,
1700 2472 1759 2546 si
1807 2471 2129 2547 calculus
2171 2494 2306 2569 per
2349 2468 2496 2542 Re-

410 2588 674 2687 gulam
710 2586 1040 2660 Auream
1072 2586 1432 2682 producat
1469 2587 1859 2661 numerum
1890 2588 2242 2682 majorem
2275 2606 2493 2681 quam

419 2700 739 2774 calculus
772 2723 904 2796 per
936 2700 1095 2794 ipsa
1127 2699 1346 2795 plana
1371 2700 1846 2796 geometrica.
1919 2698 2114 2772 Nam
2146 2719 2495 2771 numerus

419 2825 533 2886 est
565 2813 1010 2910 quantitates
1047 2810 1409 2902 discretae,
1444 2812 1522 2885 in
1558 2813 1820 2909 quibus
1864 2837 2014 2887 una
2063 2836 2226 2885 cum
2265 2811 2498 2885 altera

419 2926 603 2999 nihil
659 2926 884 2999 habet
933 2948 1344 3014 commune,
1380 2926 1510 2999 sed
1564 2938 1680 2999 tot
1714 2950 1969 2999 revera
2002 2938 2176 2998 sunt
2209 2947 2325 2999 res
2358 2947 2496 2996 nu-

419 3052 722 3115 meratae
773 3049 951 3136 quot
1006 3048 1509 3111 numerantur.
1621 3039 2001 3113 Quadrata
2049 3049 2296 3112 autem
2337 3037 2497 3110 haec

421 3165 594 3227 sunt
652 3152 1021 3250 quantitas
1079 3174 1228 3223 una
1282 3151 1656 3239 continua,
1725 3175 1884 3248 quae
1943 3175 2110 3225 cum
2178 3151 2499 3224 habeant

403 3276 735 3364 quatuor
801 3263 1033 3336 latera
1100 3262 1669 3360 unumquodque
1737 3287 1885 3337 non
1953 3265 2302 3361 contigua
2368 3264 2500 3337 sed

420 3379 793 3466 continua,
830 3375 1118 3473 quoties
1163 3375 1749 3473 multiplicantur
1800 3376 2020 3450 toties
2072 3377 2360 3474 singula
2392 3377 2498 3450 la-

421 3503 582 3566 tera
648 3491 905 3565 eadem
974 3511 1281 3561 numero
1348 3502 1855 3578 numerantur,
1911 3487 1989 3562 id
2047 3501 2182 3580 est,
2236 3513 2498 3563 unum-

424 3604 766 3701 quodque
824 3603 1019 3677 latus
1088 3601 1643 3698 multiplicatur,
1713 3613 1789 3675 et
1853 3602 2160 3700 proinde
2218 3603 2500 3676 faciunt

423 3741 810 3793 numerum
845 3715 1370 3815 quadratorum
1400 3717 1603 3812 justo
1640 3717 2015 3811 majorem.

526 3833 711 3904 Haec
755 3830 939 3920 fuse,
987 3841 1065 3901 et
1130 3828 1244 3922 (ut
1281 3829 1534 3925 credo)
1591 3829 1976 3925 perspicue
2035 3824 2371 3925 explicui,
2418 3837 2503 3899 ut

425 3944 659 4018 sciant
703 3943 1002 4016 tandem
1048 3955 1446 4037 geometrae
1499 3943 1625 4040 qui
1667 3942 1887 4040 plana
1919 3941 2163 4016 metiri
2197 3963 2503 4024 eonsue-

425 4067 690 4129 verunt
757 4079 885 4151 per
938 4054 1309 4152 Regulam
1358 4053 1685 4130 Auream
1740 4055 1856 4128 vel
1915 4079 2048 4153 per
2109 4055 2503 4152 algemam,

427 4167 705 4242 frustra
736 4191 813 4242 se
845 4166 1113 4241 facere.

2575 684 2741 725 PROP.
2771 683 2833 723 X.

2558 750 2846 787 n--f--ae
