3094 5125
324 919 490 960 Pnor.
514 918 643 960 vm.

334 988 618 1023 *q-ae

694 467 841 537 498
1342 481 1704 537 cnm-no
1742 480 2136 534 spumam.-

1368 769 1870 824 Pnoposl‘no
1908 769 2100 822 vlu.

812 897 1105 999 Viginti
1147 897 1458 997 quinque
1491 899 1873 997 quadrata
1906 922 1958 971 a
1993 896 2251 995 quinta
2281 906 2540 995 parte
2578 916 2818 968 arcus

699 1013 825 1087 ΒΟ
868 1011 984 1086 vel
1027 1021 1255 1086 rectoe
1287 1010 1414 1100 GI,
1447 1010 1764 1109 aequalia
1810 1021 1980 1085 sunt
2014 1010 2261 1085 decem
2294 1009 2739 1109 quadratis
2770 1030 2826 1080 a

697 1124 1130 1199 semi-radio
1167 1124 1319 1199 CO.

797 1239 992 1312 Nam
1044 1238 1310 1335 viginti
1364 1239 1686 1335 quinque
1740 1236 2103 1334 quadrata
2155 1261 2201 1311 a
2258 1236 2536 1334 quinta
2594 1240 2823 1331 parte

697 1375 910 1428 arcus
944 1351 1094 1438 ΒΟ,
1128 1351 1437 1448 aequalia
1469 1362 1644 1425 sunt
1677 1349 2036 1446 quadrato
2089 1350 2182 1423 ab
2239 1349 2401 1447 ipso
2433 1371 2646 1423 arcu
2685 1344 2822 1419 BC

697 1467 849 1541 sive
881 1490 928 1539 a
958 1476 1163 1539 recta
1197 1464 1323 1556 GI,
1372 1464 1451 1538 id
1504 1474 1619 1537 est
1679 1464 1845 1560 (per
1887 1461 2464 1559 praecedentem)
2537 1460 2822 1535 decem

698 1578 1073 1677 quadratis
1128 1603 1175 1653 a
1227 1577 1654 1652 semi-radio
1709 1576 1878 1651 CO:
1931 1575 2072 1667 vel,
2134 1574 2335 1673 quod
2388 1574 2611 1649 idem
2677 1582 2818 1659 est,

698 1693 1190 1792 quadraginta
1223 1690 1597 1789 quadratis
1633 1714 1677 1763 a
1709 1701 1971 1787 quarta
2003 1701 2215 1786 parte
2266 1689 2527 1763 lateris
2570 1686 2742 1761 ΑΟ.

802 1805 1077 1880 Coroll.
1112 1806 1164 1879 i.
1218 1804 1492 1879 Decem
1538 1802 1895 1901 quadrata
1929 1826 1975 1876 a
2007 1802 2262 1899 quinta
2306 1813 2524 1899 parte
2578 1820 2814 1874 arcus

699 1917 823 1995 ΒΟ
850 1930 1023 1994 sunt
1042 1917 1351 2014 aequalia
1373 1930 1691 2015 quatuor
1712 1916 2089 2014 quadratis
2109 1939 2155 1989 a
2174 1915 2619 1990 semi-radio
2651 1909 2807 1999 ΟΟ,

696 2032 776 2106 id
811 2042 944 2122 est,
981 2032 1122 2128 ipsi
1155 2029 1516 2128 quadrato
1552 2030 1644 2104 ab
1681 2028 1847 2105 AG:
1900 2029 2074 2127 quia
2112 2041 2227 2103 est
2270 2040 2356 2102 ut
2389 2037 2488 2102 25
2527 2026 2644 2102 ad
2689 2032 2811 2111 10,

702 2144 811 2220 ita
852 2151 941 2219 10
976 2143 1071 2217 ad
1107 2151 1178 2217 4.

806 2254 1081 2330 Cornu.
1117 2256 1194 2329 ii.
1256 2256 1467 2346 Item,
1531 2254 1972 2353 quadratum
2038 2278 2086 2328 a
2152 2253 2434 2328 duabus
2502 2247 2803 2351 quintis

699 2393 915 2451 arcus
951 2366 1076 2445 ΒΟ
1112 2368 1392 2465 aequale
1426 2380 1542 2442 est
1583 2366 1942 2464 quadrato
1975 2366 2070 2441 ab
2106 2363 2261 2440 Ae:
2317 2366 2493 2463 quia
2535 2375 2665 2440 est
2714 2373 2800 2435 ut

697 2492 795 2557 25
832 2481 929 2556 ad
970 2489 1083 2571 10,
1107 2482 1217 2557 ita
1259 2489 1347 2557 10
1382 2480 1478 2554 ad
1511 2490 1584 2573 4,
1613 2488 1690 2555 et
1722 2491 1894 2554 sunt
1926 2502 2139 2555 arcus
2174 2478 2325 2572 ΒΟ,
2349 2479 2609 2555 radius
2630 2474 2792 2566 AG,

700 2607 778 2672 et
809 2607 1014 2670 recta
1045 2594 1161 2669 Ae
1194 2594 1543 2668 continue
1577 2593 2189 2691 proportionales.

817 2706 1083 2784 Cornu.
1121 2706 1223 2779 iii.
1276 2705 1489 2796 Item,
1516 2728 1730 2780 arcus
1756 2705 2188 2804 quadrantis
2221 2703 2578 2803 descripti
2612 2730 2665 2777 a
2698 2699 2793 2776 Gi

700 2830 786 2895 ut
819 2818 1423 2909 semi-diametro,
1456 2819 1758 2916 aequalis
1793 2832 1905 2894 est
1930 2819 2316 2917 quintuplo
2352 2815 2791 2892 semi-radio

703 2933 854 3009 CO.
960 2931 1422 3008 Quadratum
1479 2933 1675 3007 enim
1729 2934 1822 3007 ab
1857 2931 1989 3008 AC
2044 2933 2141 3006 ad
2193 2930 2644 3030 quadratum
2692 2927 2787 3002 ab

702 3070 879 3121 arcu
903 3043 1026 3121 ΒΟ
1055 3056 1167 3121 est
1188 3056 1276 3118 ut
1298 3055 1345 3118 4
1375 3045 1467 3120 ad
1508 3055 1621 3137 10,
1648 3047 1836 3120 ratio
1861 3058 2111 3120 autem
2139 3054 2182 3119 4
2211 3044 2309 3118 ad
2343 3052 2431 3120 10
2459 3041 2784 3118 semissis

704 3171 819 3233 est
869 3158 1378 3256 subduplicata
1431 3159 1739 3233 rationis
1786 3167 1830 3233 4
1887 3158 1983 3232 ad
2036 3168 2157 3232 25.
2264 3158 2514 3232 Quare
2568 3175 2784 3232 arcus

705 3272 1117 3367 descriptus
1151 3297 1198 3346 a
1220 3272 1317 3346 Gi
1347 3272 1490 3346 erit
1521 3272 1714 3346 latus
1750 3271 2088 3369 quadrati
2124 3271 2323 3368 quod
2356 3281 2465 3345 est
2498 3268 2780 3369 aequale

703 3386 971 3483 viginti
1023 3385 1348 3482 quinque
1402 3384 1780 3482 quadratis
1823 3408 1869 3458 a
1913 3383 2339 3459 semi-radio
2392 3385 2553 3459 CO:
2609 3381 2782 3482 quia

704 3498 1144 3600 quadratum
1172 3499 1267 3572 ab
1294 3496 1450 3589 ΑΟ,
1474 3510 1552 3572 et
1574 3497 2016 3596 quadratum
2039 3522 2084 3572 a
2104 3497 2218 3589 Gi,
2243 3509 2318 3573 et
2338 3498 2777 3594 quadratum

704 3638 752 3688 a
785 3609 1172 3710 quintupla
1207 3610 1358 3696 CO,
1392 3621 1564 3685 sunt
1598 3612 1945 3686 continue
1970 3613 2579 3708 proportionales·

812 3724 1085 3800 Coroll.
1121 3724 1217 3800 iv.
1272 3724 1483 3814 Item,
1533 3725 1919 3822 quintupla
1963 3726 2113 3815 CO,
2171 3738 2375 3801 recta
2420 3725 2538 3817 Gi,
2575 3735 2776 3800 recta

707 3839 860 3930 ΟΟ,
894 3852 1100 3914 recta
1126 3837 1262 3929 Ae,
1289 3847 1364 3912 et
1388 3835 1461 3932 -Ξ-
1480 3839 1672 3913 radii
1700 3837 1856 3928 ΑΟ,
1884 3850 2056 3913 sunt
2090 3839 2438 3914 continue
2470 3859 2773 3937 propor-

701 3951 1036 4027 tionales.
1141 3950 1474 4026 Quorum
1528 3952 1725 4026 enim
1776 3951 1872 4026 Gi
1916 3963 2161 4050 potest
2211 3963 2333 4043 25,
2381 3952 2772 4027 eorundem

706 4064 838 4140 ΑΟ
870 4074 1117 4162 potest
1158 4075 1270 4140 10.
1342 4065 1677 4141 Quorum
1710 4090 1889 4163 ergo
1916 4065 2047 4142 AC
2083 4076 2326 4164 potest
2358 4075 2480 4154 25,
2515 4087 2772 4139 eorun-

705 4178 874 4250 dem
908 4175 1025 4250 Ae
1058 4187 1302 4273 potest
1347 4186 1459 4253 10.
1560 4179 1697 4251 Est
1729 4202 1905 4276 ergo
1941 4179 2057 4252 Ae
2089 4178 2332 4252 media
2363 4178 2771 4276 proportio·

703 4290 892 4364 nalis
944 4291 1137 4374 inter
1194 4289 1325 4367 AC
1395 4304 1472 4366 et
1525 4291 1709 4366 duas
1768 4293 2061 4390 quintas
2128 4291 2475 4390 ejusdem.
2577 4291 2767 4389 Ergo

706 4402 1092 4500 quintupla
1125 4403 1274 4493 CO,
1310 4417 1517 4479 recta
1551 4403 1666 4495 Gi,
1704 4416 1848 4480 etc.
