3094 5125
858 525 1488 579 MATHEMA‘HCAE
1529 529 2017 582 HomaRNAE.
2353 511 2487 589 179

408 702 479 783 0,
509 702 580 779 3,
601 703 673 783 6,
701 702 782 778 93
839 693 964 766 ubi
1001 717 1286 765 summa
1320 695 1658 767 maximae
1694 708 1769 768 et
1803 697 2148 784 minimae,
2172 694 2247 767 id
2274 708 2386 768 est
2414 704 2487 783 9,
2570 724 2867 762 mnocns

407 806 631 880 ducta
661 808 736 879 in
773 807 1147 880 semissem
1184 807 1469 878 numeri
1504 809 2011 898 terminorum,
2044 819 2113 897 2,
2151 808 2327 881 facit
2374 816 2486 896 18,
2572 874 2581 887 ,
2694 806 2749 844 v.
2847 872 2859 888 ,

405 922 778 995 semissem
816 921 1020 993 ducti
1046 930 1093 994 9
1120 922 1199 993 in
1235 943 1622 993 numerum
1658 924 2139 995 terminorum
2166 931 2236 994 4.
2301 921 2490 994 Geo-

403 1036 709 1109 metrice
769 1034 996 1107 etiam
1051 1034 1351 1131 probari
1408 1046 1679 1130 potest,
1735 1036 1995 1109 eodem
2057 1050 2493 1131 argumento

405 1173 554 1244 quo
578 1147 1028 1244 triangulum
1059 1147 1476 1222 ostenditur
1496 1149 2161 1247 parallelogrammi
2196 1151 2309 1223 sui
2337 1173 2492 1222 esse

405 1261 813 1334 dimidium.

502 1374 602 1447 A.
655 1375 1140 1448 Notissimum
1183 1385 1318 1449 est.
1423 1375 1572 1448 Sed
1628 1399 1780 1447 non
1842 1376 1965 1448 hic
2026 1376 2117 1448 de
2179 1375 2493 1448 veritate

404 1488 754 1583 quaeritur
786 1489 1298 1578 conclusionis,
1355 1488 1487 1562 sed
1520 1488 2189 1562 demonstrationis.
2298 1489 2492 1561 Nam

402 1624 537 1696 per
568 1602 1068 1676 inductionem
1103 1603 1395 1698 probat.
1502 1603 1850 1676 Inductio
1885 1614 2132 1676 autem
2190 1602 2493 1676 demon-

403 1715 666 1788 stratio
700 1739 851 1788 non
888 1726 1024 1804 cst,
1060 1715 1200 1788 nisi
1236 1716 1362 1787 ubi
1397 1715 1873 1811 particularia
1907 1716 2155 1787 omnia
2201 1739 2495 1788 enume-

403 1839 686 1919 rantur,
718 1828 914 1925 quod
948 1829 1069 1901 hic
1117 1840 1229 1901 est
1271 1828 1749 1923 impossibile.
1839 1828 2098 1922 Itaque
2127 1852 2294 1898 cum
2323 1841 2491 1922 post

407 1943 740 2039 exposita
795 1943 1075 2038 aliquot
1119 1941 1596 2038 particularia
1636 1942 2018 2036 subjungit
2041 1940 2278 2013 .·—-Et
2300 1942 2493 2037 pari

405 2056 617 2129 modo
652 2055 1188 2153 quantumlibet
1229 2054 1805 2153 progediamur,
1821 2053 2168 2151 prodibit
2200 2076 2491 2150 semper

406 2169 605 2242 ratio
639 2169 1009 2268 subdupla
1041 2169 1482 2242 t—libenter
1508 2168 1728 2241 velim
1765 2169 1977 2253 scire,
2005 2167 2201 2239 unde
2229 2167 2305 2238 id
2326 2168 2488 2254 scit,

406 2282 544 2355 nisi
580 2307 875 2356 causam
910 2282 1237 2377 proferat
1270 2294 1400 2354 aut
1435 2283 1620 2354 sciat
1656 2306 1880 2378 quare
1915 2280 2326 2353 necessario
2388 2281 2493 2352 ita

408 2406 540 2469 est.
647 2395 989 2469 Secunda
1060 2395 1465 2491 propositio
1536 2395 1792 2467 eadem
1839 2407 1951 2467 est
2007 2418 2176 2467 cum
2229 2394 2491 2489 prima,

413 2512 520 2603 (et
570 2520 967 2607 propterea
1019 2509 1225 2595 falsa,
1259 2521 1345 2582 ut
1404 2508 1549 2582 alio
1605 2518 1934 2605 tempore
1998 2507 2492 2601 ostendetur),

408 2624 547 2696 nisi
585 2623 782 2719 quod
816 2623 1026 2695 addit
1060 2621 1255 2695 idem
1287 2623 1744 2717 contingere,
1783 2624 1922 2696 etsi
1956 2646 2306 2696 numerus
2341 2634 2491 2694 ter-

406 2738 770 2809 minorum
795 2736 895 2809 sit
926 2735 1282 2808 infinitus.

514 2849 608 2921 B.
663 2850 751 2922 Id
786 2862 987 2922 certe
1023 2849 1287 2922 falsum
1323 2860 1454 2922 est.
1564 2849 1942 2945 Siquidem
1999 2850 2192 2921 enim
2236 2872 2490 2921 nume-

405 2985 657 3034 rorum
689 2962 987 3035 termini
1043 2986 1348 3035 numero
1409 2961 1681 3035 infiniti
1736 2975 2006 3051 essent,
2064 2964 2289 3035 etiam
2345 2975 2491 3034 ter-

406 3076 649 3148 minus
717 3076 1080 3149 maximus
1148 3075 1346 3148 solus
1415 3098 1547 3172 per
1609 3099 1685 3148 se
1755 3076 2083 3148 infinitus
2156 3088 2370 3162 esset,
2419 3088 2493 3148 et

407 3214 693 3263 summa
745 3190 1232 3263 terminorum
1294 3211 1602 3260 numero
1663 3189 2121 3262 infinitorum
2176 3189 2493 3260 semissis

408 3315 603 3377 esset
636 3304 944 3376 infinitae
979 3326 1282 3374 summae
1317 3301 1667 3373 infinities
1701 3298 2226 3398 multiplicatae.

508 3414 601 3490 A.
656 3419 826 3491 Non
862 3417 984 3490 ille
1004 3416 1286 3512 primus
1322 3438 1398 3486 se
1435 3414 1681 3486 induit
1740 3415 2078 3487 absurdis
2135 3440 2299 3511 quae
2356 3415 2496 3487 cir-

409 3541 779 3604 cumstant
825 3528 1407 3623 contemplantes
1477 3528 1942 3600 infinitatem.
2084 3529 2494 3624 Propositio

411 3644 632 3717 tertia
651 3645 809 3718 haec
833 3655 982 3716 est:
1028 3639 1532 3739 Triangulum
1559 3640 1668 3712 ad
1674 3642 2493 3739 parallelogrammum,

411 3780 634 3852 super
670 3755 944 3853 oequali
977 3755 1141 3829 basi
1177 3780 1384 3852 oeque
1419 3753 1676 3843 altum,
1705 3764 1820 3826 est
1854 3766 1932 3827 ut
1978 3766 2003 3829 l
2051 3757 2159 3828 ad
2190 3763 2258 3828 2.
2336 3757 2493 3828 Imo

409 3892 606 3959 vero,
629 3893 778 3942 non
802 3895 1013 3968 ergo,
1039 3867 1168 3942 sed
1196 3880 1501 3964 propter
1524 3890 1783 3940 causas
1810 3870 1901 3939 ab
1927 3868 2231 3940 Euclide
2261 3868 2494 3940 dictas

417 3982 675 4075 (Elem.
727 3992 786 4055 l.
824 4007 1031 4079 prop.
1071 3984 1227 4075 41).
1336 3980 1543 4052 Idem
1580 3980 1971 4054 dicendum
2029 3994 2142 4053 est
2175 3982 2270 4053 ad
2321 4004 2492 4076 pro-

409 4096 846 4191 positionem
882 4107 1219 4191 quartam
1249 4095 1340 4167 de
1376 4095 1685 4167 conoide
1719 4095 2166 4190 parabolioe,
2194 4106 2495 4189 propter

412 4232 668 4283 causas
737 4208 831 4281 ab
892 4209 1053 4280 aliis
1114 4208 1497 4280 exhibitas.
1639 4208 2146 4302 Propositione
2217 4208 2494 4301 quinta,

415 4321 668 4394 eadem
696 4318 1046 4393 methodo
1081 4320 1393 4416 probare
1429 4321 1585 4393 vult
1620 4321 1893 4394 lineam
1945 4320 2286 4415 spiralem
2339 4342 2497 4392 esse

2177 4454 2233 4504 N
2269 4458 2299 4501 2
