3094 5125
702 458 797 523 44
1137 469 1678 524 nxAmNA‘no
1720 470 1827 522 Εἰ·
1863 470 2363 524 ΕΜΕΝΒΑΤῙΟ

324 663 627 706 maneus
702 651 779 711 et
831 638 1109 730 unitae,
1164 640 1401 713 altera
1448 640 1527 712 in
1578 639 1882 713 alterius
1933 638 2367 712 definitione
2415 638 2596 734 poni
2640 663 2800 714 non

328 745 615 851 *ξ’-θ
702 751 956 825 debuit
984 783 1002 837 ;
1055 776 1206 826 non
1233 753 1467 848 magis
1493 775 1716 849 quam
1745 751 1989 825 album
2023 752 2101 824 in
2129 750 2557 825 definitione
2592 752 2799 825 albe-

534 868 537 871 “
698 864 920 955 dinis,
972 877 1105 939 aut
1158 864 1425 939 albedo
1468 866 1547 938 in
1603 864 2029 938 definitione
2064 863 2247 938 albi.
2353 863 2562 937 Nihil
2598 866 2801 939 enim

697 978 986 1052 confert
1020 978 1117 1053 ad
1148 978 1734 1052 intellectionem
1766 978 1970 1053 vocis
2004 987 2359 1051 concretae
2399 1001 2533 1051 sua
2567 979 2797 1075 ipsius

695 1090 1111 1181 abstracta,
1162 1115 1405 1188 neque
1458 1102 1743 1181 contra,
1796 1090 2212 1165 abstractoe
2244 1114 2381 1164 sua
2415 1102 2794 1166 concreta.

695 1203 909 1278 Cavit
942 1215 1192 1278 autem
1223 1204 1568 1279 Euclides
1601 1228 1696 1278 ne
1733 1204 2158 1279 definitione
2194 1205 2335 1277 hac
2369 1203 2448 1277 in
2485 1204 2796 1280 demon-

694 1319 1173 1394 strationibus
1206 1331 1584 1406 utel-etun
1636 1331 1861 1416 atque
1895 1320 2002 1393 ita
2026 1319 2308 1393 factum
2340 1331 2479 1409 est,
2508 1332 2597 1394 ut
2633 1322 2793 1395 nul-

694 1432 847 1504 lum
895 1432 1068 1506 inde
1117 1434 1380 1508 vitium
1429 1433 1885 1508 emanaverit
1934 1433 2032 1507 ad
2079 1432 2795 1507 theoremata—Ea:

695 1543 815 1617 his
873 1556 1118 1619 autem
1170 1547 1489 1620 unitati-s·
1540 1557 1617 1619 et
1670 1546 1953 1620 numeri
2000 1545 2579 1640 definitionibusff,
2621 1547 2790 1646 ple-

696 1658 911 1756 rique
970 1658 1446 1733 arbitrantur
1499 1660 1856 1733 uuitatem
1910 1682 2373 1731 numerorum
2434 1661 2789 1758 catalogo

697 1796 844 1846 non
877 1796 1042 1845 esse
1075 1772 1625 1862 accensendam,
1661 1772 1991 1868 adeoque
2013 1795 2383 1845 numerum
2421 1772 2790 1846 minimum

697 1885 1064 1960 binarium
1100 1912 1264 1961 esse
1286 1915 1316 1972 ,·
1369 1911 1778 1984 quanquam
1825 1885 2024 1959 illud
2065 1885 2353 1981 quidem
2394 1885 2789 1961 Euclidem

695 2001 989 2098 uspiam
1025 2000 1313 2074 dixisse
1344 2025 1484 2073 non
1518 1998 2016 2073 memini.—Si
2049 1998 2501 2073 meminisset
2536 2000 2789 2074 defini-

695 2114 917 2189 tionis
967 2115 1320 2203 Euclidi8‚
1372 2138 1595 2210 quam
1647 2114 1978 2209 proxime
2032 2136 2254 2209 supra
2304 2112 2460 2210 ipse
2506 2115 2786 2204 retulit,

692 2250 991 2301 necesse
1038 2239 1150 2300 est
1194 2240 1282 2299 ut
1314 2225 1736 2299 meminerit
1790 2225 2063 2299 sentire
2099 2226 2481 2299 Euclidem
2528 2251 2788 2301 nume-

690 2363 944 2413 rorum
986 2340 1374 2413 minimum
1420 2361 1578 2412 esse
1628 2338 2019 2428 binarium,
2071 2340 2214 2412 nisi
2251 2338 2448 2413 idem
2484 2339 2581 2413 sit
2611 2359 2788 2431 μονὰς

691 2463 771 2525 et
798 2464 1053 2543 μονάδων
1079 2461 1412 2534 πλῆθος.-
1430 2451 1699 2548 Operae
1762 2461 2008 2525 tamen
2040 2452 2373 2550 pretium
2391 2453 2786 2549 fortassis

691 2565 842 2639 erit
893 2564 1174 2664 paucis
1242 2564 1633 2639 ostendere
1699 2589 1833 2639 cur
1892 2565 2250 2639 unitatem
2293 2576 2558 2664 putem
2614 2592 2787 2641 vere

691 2703 1065 2753 numerum
1123 2703 1305 2770 esse,
1373 2679 1693 2777 aliisque
1749 2680 2074 2752 numeris
2135 2681 2781 2754 annumerandam.

691 2794 856 2867 Nec
879 2793 1338 2892 huicforsan
1374 2791 1903 2865 adversabitur
1937 2791 2291 2865 Euclidis
2325 2794 2785 2891 aliorumque

690 2906 1059 2981 sententia
1102 2905 1346 3004 probe
1398 2904 2169 2981 intellecta-Quid?
2271 2909 2391 2980 An
2435 2908 2783 3003 possibile

692 3033 805 3095 est
838 3033 921 3096 ut
953 3022 1181 3117 probe
1209 3019 1663 3116 intelligatur
1695 3029 1910 3110 μονάδα
1947 3042 2103 3091 esse
2139 3043 2230 3092 ex
2274 3031 2534 3109 μονάδων
2562 3035 2779 3109 συγκεῖ-

688 3169 862 3222 μενον
885 3145 1102 3217 πλῆθος
1121 3148 1253 3206 ?—
1270 3135 1442 3208 Cum
1475 3133 1664 3206 enim
1695 3130 2019 3205 nonnulli
2051 3133 2430 3220 unitatem,
2454 3134 2783 3231 proprie

691 3245 1073 3344 quuendo,
1129 3271 1267 3320 uon
1322 3245 1529 3319 modo
1580 3270 1951 3319 numerum
1990 3269 2154 3318 esee
2186 3256 2484 3344 negent,
2537 3246 2683 3318 sed
2706 3258 2779 3319 et

689 3361 972 3434 numeri
982 3369 1286 3459 partem
1308 3388 1337 3444 ;
1372 3360 1709 3459 adeoque
1726 3358 2015 3432 numeri
2035 3359 2479 3455 principium
2503 3360 2778 3455 impars

691 3496 846 3546 esse
881 3473 1163 3563 dicant,
1211 3483 1294 3547 ut
1338 3485 1453 3548 est
1497 3472 2038 3571 magnitudini-s·
2073 3481 2435 3569 punctum
2479 3483 2556 3546 et
2605 3482 2773 3545 tem-

681 3586 901 3684 poris
960 3597 1382 3661 momentum
1408 3614 1436 3660 .·
1508 3585 1976 3685 intelligendi
2012 3586 2375 3682 fortasse
2441 3596 2616 3659 sunt
2684 3586 2778 3659 de

691 3702 1021 3791 monade,
1071 3725 1203 3774 seu
1246 3701 1559 3791 unitate,
1612 3725 1753 3773 non
1788 3709 1872 3773 ut
1903 3722 2274 3772 numerum
2317 3697 2776 3796 singularem

691 3814 1066 3913 designat,
1119 3814 1261 3889 sed
1306 3825 1388 3887 ut
1450 3824 1565 3888 est
1616 3814 2008 3887 communis
2052 3813 2267 3910 quasi
2312 3837 2774 3886 numerorum

688 3928 998 4002 omnium
1044 3927 1573 4001 denominator.
1686 3926 1821 4001 Sic
1863 3926 2049 4000 enim
2094 3949 2436 4000 numerus
2480 3936 2769 4022 quater-

686 4041 945 4115 narius
1000 4050 1136 4129 est,
1198 4041 1322 4138 qui
1373 4052 1685 4138 quatuor
1735 4040 2060 4114 unitates
2104 4041 2771 4114 numerat.—Tune

686 4156 847 4230 haec
882 4154 1228 4250 intelligis
1258 4154 1283 4226 ?

792 4269 889 4342 B.
944 4269 1155 4342 Puto.

790 4383 887 4454 A.
939 4384 1245 4479 Expone
1280 4405 1367 4455 ea
1401 4404 1670 4477 quaeSO.
