<?xml version="1.0" encoding="UTF-8"?>
<!DOCTYPE html PUBLIC "-//W3C//DTD XHTML 1.0 Transitional//EN"
    "http://www.w3.org/TR/xhtml1/DTD/xhtml1-transitional.dtd">
<html xmlns="http://www.w3.org/1999/xhtml" xml:lang="en" lang="en">
 <head>
  <title>
</title>
<meta http-equiv="Content-Type" content="text/html;charset=utf-8" />
  <meta name='ocr-system' content='tesseract 3.04.00' />
  <meta name='ocr-capabilities' content='ocr_page ocr_carea ocr_par ocr_line ocrx_word'/>
</head>
<body>
  <div class='ocr_page' id='page_1' title='image "./thomhobbesmalme02molegoog_0533.png"; bbox 0 0 3094 5125; ppageno 0'>
   <div class='ocr_carea' id='block_1_1' title="bbox 928 473 2453 556">
    <p class='ocr_par' dir='ltr' id='par_1_1' title="bbox 928 473 2453 556">
     <span class='ocr_line' id='line_1_1' title="bbox 928 473 2453 556; baseline 0 -18"><span class='ocrx_word' id='word_1_1' title='bbox 928 487 1288 540; x_wconf 79' lang='lat' dir='ltr'><strong>CURATIO</strong></span> <span class='ocrx_word' id='word_1_2' title='bbox 1331 487 1717 556; x_wconf 78' lang='lat' dir='ltr'>SPHAERAE,</span> <span class='ocrx_word' id='word_1_3' title='bbox 1757 487 1935 539; x_wconf 74' lang='lat' dir='ltr'>mc,</span> <span class='ocrx_word' id='word_1_4' title='bbox 2321 473 2453 539; x_wconf 87' lang='lat'>521</span> 
     </span>
    </p>
   </div>
   <div class='ocr_carea' id='block_1_2' title="bbox 320 651 2885 4260">
    <p class='ocr_par' dir='ltr' id='par_1_2' title="bbox 387 651 2885 1091">
     <span class='ocr_line' id='line_1_2' title="bbox 391 651 2734 752; baseline -0.001 -27"><span class='ocrx_word' id='word_1_5' title='bbox 391 651 586 748; x_wconf 89' lang='lat' dir='ltr'>quod</span> <span class='ocrx_word' id='word_1_6' title='bbox 621 677 893 726; x_wconf 90' lang='lat' dir='ltr'>nomen</span> <span class='ocrx_word' id='word_1_7' title='bbox 927 678 1172 727; x_wconf 91' lang='lat' dir='ltr'>meum</span> <span class='ocrx_word' id='word_1_8' title='bbox 1215 679 1562 752; x_wconf 86' lang='lat' dir='ltr'>magnum</span> <span class='ocrx_word' id='word_1_9' title='bbox 1600 665 1734 743; x_wconf 90' lang='lat' dir='ltr'>est,</span> <span class='ocrx_word' id='word_1_10' title='bbox 1770 654 1969 751; x_wconf 91' lang='lat' dir='ltr'>quod</span> <span class='ocrx_word' id='word_1_11' title='bbox 2008 654 2083 726; x_wconf 91' lang='lat' dir='ltr'>in</span> <span class='ocrx_word' id='word_1_12' title='bbox 2132 652 2273 726; x_wconf 88' lang='lat' dir='ltr'>illis</span> <span class='ocrx_word' id='word_1_13' title='bbox 2316 678 2465 727; x_wconf 88' lang='lat' dir='ltr'>non</span> <span class='ocrx_word' id='word_1_14' title='bbox 2650 683 2734 723; x_wconf 66' lang='lat' dir='ltr'>An</span> 
     </span>
     <span class='ocr_line' id='line_1_3' title="bbox 390 765 2885 864; baseline 0 -27"><span class='ocrx_word' id='word_1_15' title='bbox 390 776 525 838; x_wconf 88' lang='lat' dir='ltr'>est.</span> <span class='ocrx_word' id='word_1_16' title='bbox 631 767 911 863; x_wconf 84' lang='lat' dir='ltr'>Itaque,</span> <span class='ocrx_word' id='word_1_17' title='bbox 939 768 1441 862; x_wconf 88' lang='lat' dir='ltr'>judicantibus</span> <span class='ocrx_word' id='word_1_18' title='bbox 1466 768 1641 841; x_wconf 87' lang='lat' dir='ltr'>viris</span> <span class='ocrx_word' id='word_1_19' title='bbox 1674 768 1922 841; x_wconf 87' lang='lat' dir='ltr'>liberis</span> <span class='ocrx_word' id='word_1_20' title='bbox 1948 767 2465 864; x_wconf 86' lang='lat' dir='ltr'>prudentibus-</span> <span class='ocrx_word' id='word_1_21' title='bbox 2493 765 2885 805; x_wconf 68' lang='lat' dir='ltr'>rnomssoms</span> 
     </span>
     <span class='ocr_line' id='line_1_4' title="bbox 389 846 2857 975; baseline -0.001 -24"><span class='ocrx_word' id='word_1_22' title='bbox 389 903 552 975; x_wconf 88' lang='lat' dir='ltr'>que,</span> <span class='ocrx_word' id='word_1_23' title='bbox 587 880 863 953; x_wconf 90' lang='lat' dir='ltr'>victum</span> <span class='ocrx_word' id='word_1_24' title='bbox 916 905 994 955; x_wconf 94' lang='lat' dir='ltr'>se</span> <span class='ocrx_word' id='word_1_25' title='bbox 1047 906 1202 955; x_wconf 90' lang='lat' dir='ltr'>esse</span> <span class='ocrx_word' id='word_1_26' title='bbox 1254 883 1671 954; x_wconf 89' lang='lat' dir='ltr'>confitetur.</span> <span class='ocrx_word' id='word_1_27' title='bbox 1776 880 1924 953; x_wconf 88' lang='lat' dir='ltr'>Sed</span> <span class='ocrx_word' id='word_1_28' title='bbox 1972 879 2165 954; x_wconf 88' lang='lat' dir='ltr'>unde</span> <span class='ocrx_word' id='word_1_29' title='bbox 2201 880 2470 954; x_wconf 88' lang='lat' dir='ltr'>accidit</span> <span class='ocrx_word' id='word_1_30' title='bbox 2533 846 2857 949; x_wconf 38' lang='grc' dir='ltr'>Ἧι</span> 
     </span>
     <span class='ocr_line' id='line_1_5' title="bbox 387 992 2466 1091; baseline 0.001 -27"><span class='ocrx_word' id='word_1_31' title='bbox 387 1006 473 1065; x_wconf 92' lang='lat' dir='ltr'>ut</span> <span class='ocrx_word' id='word_1_32' title='bbox 508 992 906 1083; x_wconf 83' lang='lat' dir='ltr'><strong>Professor,</strong></span> <span class='ocrx_word' id='word_1_33' title='bbox 936 994 1061 1091; x_wconf 93' lang='lat' dir='ltr'>qui</span> <span class='ocrx_word' id='word_1_34' title='bbox 1089 1018 1354 1067; x_wconf 90' lang='lat' dir='ltr'>nomen</span> <span class='ocrx_word' id='word_1_35' title='bbox 1391 1018 1636 1066; x_wconf 91' lang='lat' dir='ltr'>meum</span> <span class='ocrx_word' id='word_1_36' title='bbox 1671 1018 2019 1089; x_wconf 84' lang='lat' dir='ltr'>magnum</span> <span class='ocrx_word' id='word_1_37' title='bbox 2047 1016 2204 1066; x_wconf 90' lang='lat' dir='ltr'>esse</span> <span class='ocrx_word' id='word_1_38' title='bbox 2229 1004 2466 1089; x_wconf 90' lang='lat' dir='ltr'>putat,</span> 
     </span>
    </p>

    <p class='ocr_par' dir='ltr' id='par_1_3' title="bbox 388 1108 2469 1318">
     <span class='ocr_line' id='line_1_6' title="bbox 388 1108 2464 1205; baseline 0.001 -27"><span class='ocrx_word' id='word_1_39' title='bbox 388 1129 601 1180; x_wconf 90' lang='lat' dir='ltr'>suum</span> <span class='ocrx_word' id='word_1_40' title='bbox 638 1131 794 1180; x_wconf 90' lang='lat' dir='ltr'>esse</span> <span class='ocrx_word' id='word_1_41' title='bbox 831 1132 981 1181; x_wconf 90' lang='lat' dir='ltr'>non</span> <span class='ocrx_word' id='word_1_42' title='bbox 1018 1121 1253 1204; x_wconf 84' lang='lat' dir='ltr'>putat,</span> <span class='ocrx_word' id='word_1_43' title='bbox 1292 1133 1458 1181; x_wconf 88' lang='lat' dir='ltr'>cum</span> <span class='ocrx_word' id='word_1_44' title='bbox 1510 1108 1730 1181; x_wconf 90' lang='lat' dir='ltr'>toties</span> <span class='ocrx_word' id='word_1_45' title='bbox 1781 1132 1899 1181; x_wconf 92' lang='lat' dir='ltr'>me</span> <span class='ocrx_word' id='word_1_46' title='bbox 1932 1108 2464 1205; x_wconf 81' lang='lat' dir='ltr'>prostraverit?</span> 
     </span>
     <span class='ocr_line' id='line_1_7' title="bbox 390 1221 2469 1318; baseline 0 -26"><span class='ocrx_word' id='word_1_47' title='bbox 390 1221 985 1318; x_wconf 89' lang='lat' dir='ltr'>Conquereretur</span> <span class='ocrx_word' id='word_1_48' title='bbox 1016 1222 1211 1295; x_wconf 86' lang='lat' dir='ltr'>forte</span> <span class='ocrx_word' id='word_1_49' title='bbox 1241 1222 1331 1295; x_wconf 89' lang='lat' dir='ltr'>de</span> <span class='ocrx_word' id='word_1_50' title='bbox 1360 1221 1776 1317; x_wconf 84' lang='lat' dir='ltr'>ignorantia</span> <span class='ocrx_word' id='word_1_51' title='bbox 1802 1221 2313 1317; x_wconf 87' lang='lat' dir='ltr'>judicantium.</span> <span class='ocrx_word' id='word_1_52' title='bbox 2369 1222 2469 1294; x_wconf 91' lang='lat' dir='ltr'>At</span> 
     </span>
    </p>

    <p class='ocr_par' dir='ltr' id='par_1_4' title="bbox 387 1334 2466 1431">
     <span class='ocr_line' id='line_1_8' title="bbox 387 1334 2466 1431; baseline 0.001 -26"><span class='ocrx_word' id='word_1_53' title='bbox 387 1358 519 1405; x_wconf 90' lang='lat' dir='ltr'>cur</span> <span class='ocrx_word' id='word_1_54' title='bbox 541 1359 690 1406; x_wconf 92' lang='lat' dir='ltr'>non</span> <span class='ocrx_word' id='word_1_55' title='bbox 714 1358 1061 1430; x_wconf 82' lang='lat' dir='ltr'>magnum</span> <span class='ocrx_word' id='word_1_56' title='bbox 1088 1360 1354 1409; x_wconf 89' lang='lat' dir='ltr'>nomen</span> <span class='ocrx_word' id='word_1_57' title='bbox 1378 1337 1605 1408; x_wconf 87' lang='lat' dir='ltr'>habet</span> <span class='ocrx_word' id='word_1_58' title='bbox 1627 1335 1747 1408; x_wconf 90' lang='lat' dir='ltr'>ille</span> <span class='ocrx_word' id='word_1_59' title='bbox 1776 1335 1971 1431; x_wconf 89' lang='lat' dir='ltr'>apud</span> <span class='ocrx_word' id='word_1_60' title='bbox 1995 1334 2466 1430; x_wconf 83' lang='lat' dir='ltr'>algebristas?</span> 
     </span>
    </p>

    <p class='ocr_par' dir='ltr' id='par_1_5' title="bbox 389 1447 2469 1544">
     <span class='ocr_line' id='line_1_9' title="bbox 389 1447 2469 1544; baseline -0.001 -23"><span class='ocrx_word' id='word_1_61' title='bbox 389 1447 584 1521; x_wconf 77' lang='lat' dir='ltr'>Quia</span> <span class='ocrx_word' id='word_1_62' title='bbox 617 1447 1061 1544; x_wconf 91' lang='lat' dir='ltr'>impossibile</span> <span class='ocrx_word' id='word_1_63' title='bbox 1099 1461 1280 1522; x_wconf 88' lang='lat' dir='ltr'>erat.</span> <span class='ocrx_word' id='word_1_64' title='bbox 1354 1449 1542 1522; x_wconf 88' lang='lat' dir='ltr'>Sunt</span> <span class='ocrx_word' id='word_1_65' title='bbox 1570 1449 1761 1521; x_wconf 87' lang='lat' dir='ltr'>enim</span> <span class='ocrx_word' id='word_1_66' title='bbox 1802 1473 2054 1521; x_wconf 90' lang='lat' dir='ltr'>omnes</span> <span class='ocrx_word' id='word_1_67' title='bbox 2089 1449 2242 1520; x_wconf 86' lang='lat' dir='ltr'>fere</span> <span class='ocrx_word' id='word_1_68' title='bbox 2276 1448 2469 1520; x_wconf 91' lang='lat' dir='ltr'>inter</span> 
     </span>
    </p>

    <p class='ocr_par' dir='ltr' id='par_1_6' title="bbox 386 1561 2464 1658">
     <span class='ocr_line' id='line_1_10' title="bbox 386 1561 2464 1658; baseline -0.001 -24"><span class='ocrx_word' id='word_1_69' title='bbox 386 1586 460 1634; x_wconf 88' lang='lat' dir='ltr'>se</span> <span class='ocrx_word' id='word_1_70' title='bbox 498 1562 836 1658; x_wconf 85' lang='lat' dir='ltr'>aequales.</span> <span class='ocrx_word' id='word_1_71' title='bbox 942 1564 1127 1651; x_wconf 86' lang='lat' dir='ltr'>Imo,</span> <span class='ocrx_word' id='word_1_72' title='bbox 1164 1576 1335 1637; x_wconf 89' lang='lat' dir='ltr'>suut</span> <span class='ocrx_word' id='word_1_73' title='bbox 1370 1563 1566 1636; x_wconf 91' lang='lat' dir='ltr'>inter</span> <span class='ocrx_word' id='word_1_74' title='bbox 1600 1563 1761 1635; x_wconf 88' lang='lat' dir='ltr'>illos</span> <span class='ocrx_word' id='word_1_75' title='bbox 1795 1562 2021 1658; x_wconf 81' lang='lat' dir='ltr'>aliqui</span> <span class='ocrx_word' id='word_1_76' title='bbox 2057 1562 2182 1657; x_wconf 93' lang='lat' dir='ltr'>qui</span> <span class='ocrx_word' id='word_1_77' title='bbox 2218 1561 2464 1633; x_wconf 87' lang='lat' dir='ltr'>celeri-</span> 
     </span>
    </p>

    <p class='ocr_par' dir='ltr' id='par_1_7' title="bbox 386 1674 2464 1772">
     <span class='ocr_line' id='line_1_11' title="bbox 386 1674 2464 1772; baseline -0.001 -23"><span class='ocrx_word' id='word_1_78' title='bbox 386 1687 540 1749; x_wconf 82' lang='lat' dir='ltr'><strong>tate</strong></span> <span class='ocrx_word' id='word_1_79' title='bbox 575 1676 853 1772; x_wconf 85' lang='lat' dir='ltr'>iugenii</span> <span class='ocrx_word' id='word_1_80' title='bbox 890 1676 1388 1750; x_wconf 86' lang='lat' dir='ltr'>Professorem</span> <span class='ocrx_word' id='word_1_81' title='bbox 1440 1676 1658 1772; x_wconf 87' lang='lat' dir='ltr'>longe</span> <span class='ocrx_word' id='word_1_82' title='bbox 1702 1688 2073 1770; x_wconf 87' lang='lat' dir='ltr'>superant,</span> <span class='ocrx_word' id='word_1_83' title='bbox 2110 1685 2186 1747; x_wconf 88' lang='lat' dir='ltr'>et</span> <span class='ocrx_word' id='word_1_84' title='bbox 2236 1674 2464 1746; x_wconf 90' lang='lat' dir='ltr'>multo</span> 
     </span>
    </p>

    <p class='ocr_par' dir='ltr' id='par_1_8' title="bbox 383 1787 2465 1885">
     <span class='ocr_line' id='line_1_12' title="bbox 383 1787 2465 1885; baseline -0.001 -25"><span class='ocrx_word' id='word_1_85' title='bbox 383 1789 630 1885; x_wconf 88' lang='lat' dir='ltr'>plures</span> <span class='ocrx_word' id='word_1_86' title='bbox 664 1789 1012 1862; x_wconf 89' lang='lat' dir='ltr'>veritates</span> <span class='ocrx_word' id='word_1_87' title='bbox 1047 1790 1123 1861; x_wconf 90' lang='lat' dir='ltr'>in</span> <span class='ocrx_word' id='word_1_88' title='bbox 1160 1790 1418 1863; x_wconf 91' lang='lat' dir='ltr'>eodem</span> <span class='ocrx_word' id='word_1_89' title='bbox 1471 1802 1803 1885; x_wconf 90' lang='lat' dir='ltr'>tempore</span> <span class='ocrx_word' id='word_1_90' title='bbox 1855 1812 2074 1884; x_wconf 91' lang='lat' dir='ltr'>quam</span> <span class='ocrx_word' id='word_1_91' title='bbox 2119 1787 2242 1859; x_wconf 89' lang='lat' dir='ltr'>ille</span> <span class='ocrx_word' id='word_1_92' title='bbox 2291 1811 2465 1859; x_wconf 89' lang='lat' dir='ltr'>con-</span> 
     </span>
    </p>

    <p class='ocr_par' dir='ltr' id='par_1_9' title="bbox 383 1902 997 1999">
     <span class='ocr_line' id='line_1_13' title="bbox 383 1902 997 1999; baseline 0 -23"><span class='ocrx_word' id='word_1_93' title='bbox 383 1902 622 1976; x_wconf 87' lang='lat' dir='ltr'>futare</span> <span class='ocrx_word' id='word_1_94' title='bbox 662 1915 997 1999; x_wconf 84' lang='lat' dir='ltr'><strong>possunt.</strong></span> 
     </span>
    </p>

    <p class='ocr_par' dir='ltr' id='par_1_10' title="bbox 320 2013 2467 4260">
     <span class='ocr_line' id='line_1_14' title="bbox 486 2013 2464 2109; baseline -0.003 -18"><span class='ocrx_word' id='word_1_95' title='bbox 486 2017 877 2091; x_wconf 78' lang='lat' dir='ltr'>Quomodo</span> <span class='ocrx_word' id='word_1_96' title='bbox 914 2028 1159 2090; x_wconf 91' lang='lat' dir='ltr'>autem</span> <span class='ocrx_word' id='word_1_97' title='bbox 1210 2013 1701 2090; x_wconf 90' lang='lat' dir='ltr'>necessarium</span> <span class='ocrx_word' id='word_1_98' title='bbox 1739 2025 1920 2100; x_wconf 90' lang='lat' dir='ltr'>erat,</span> <span class='ocrx_word' id='word_1_99' title='bbox 1958 2013 2031 2084; x_wconf 90' lang='lat' dir='ltr'>in</span> <span class='ocrx_word' id='word_1_100' title='bbox 2061 2013 2464 2109; x_wconf 80' lang='lat' dir='ltr'>quaestione</span> 
     </span>
     <span class='ocr_line' id='line_1_15' title="bbox 384 2126 2463 2227; baseline -0.001 -25"><span class='ocrx_word' id='word_1_101' title='bbox 384 2131 930 2220; x_wconf 88' lang='lat' dir='ltr'>mathematica,</span> <span class='ocrx_word' id='word_1_102' title='bbox 967 2130 1362 2203; x_wconf 88' lang='lat' dir='ltr'>admonere</span> <span class='ocrx_word' id='word_1_103' title='bbox 1390 2152 1830 2227; x_wconf 91' lang='lat' dir='ltr'>quemquam</span> <span class='ocrx_word' id='word_1_104' title='bbox 1866 2126 2106 2223; x_wconf 69' lang='lat' dir='ltr'>qualis</span> <span class='ocrx_word' id='word_1_105' title='bbox 2111 2126 2463 2223; x_wconf 72' lang='lat' dir='ltr'>fuerim?</span> 
     </span>
     <span class='ocr_line' id='line_1_16' title="bbox 385 2240 2464 2339; baseline -0.003 -23"><span class='ocrx_word' id='word_1_106' title='bbox 385 2244 648 2317; x_wconf 84' lang='lat' dir='ltr'>Dicere</span> <span class='ocrx_word' id='word_1_107' title='bbox 684 2244 916 2339; x_wconf 87' lang='lat' dir='ltr'>qualis</span> <span class='ocrx_word' id='word_1_108' title='bbox 949 2244 1239 2333; x_wconf 86' lang='lat' dir='ltr'>fuerim,</span> <span class='ocrx_word' id='word_1_109' title='bbox 1278 2268 1425 2315; x_wconf 89' lang='lat' dir='ltr'>non</span> <span class='ocrx_word' id='word_1_110' title='bbox 1461 2253 1576 2314; x_wconf 90' lang='lat' dir='ltr'>est</span> <span class='ocrx_word' id='word_1_111' title='bbox 1608 2264 1877 2313; x_wconf 88' lang='lat' dir='ltr'>meum.</span> <span class='ocrx_word' id='word_1_112' title='bbox 1983 2240 2130 2314; x_wconf 77' lang='lat' dir='ltr'>Qui</span> <span class='ocrx_word' id='word_1_113' title='bbox 2165 2262 2464 2312; x_wconf 85' lang='lat' dir='ltr'>conver-</span> 
     </span>
     <span class='ocr_line' id='line_1_17' title="bbox 384 2342 2463 2452; baseline -0.002 -23"><span class='ocrx_word' id='word_1_114' title='bbox 384 2358 664 2430; x_wconf 81' lang='lat' dir='ltr'>satione</span> <span class='ocrx_word' id='word_1_115' title='bbox 701 2381 866 2429; x_wconf 90' lang='lat' dir='ltr'>mea</span> <span class='ocrx_word' id='word_1_116' title='bbox 920 2358 1032 2429; x_wconf 90' lang='lat' dir='ltr'>usi</span> <span class='ocrx_word' id='word_1_117' title='bbox 1082 2370 1256 2430; x_wconf 90' lang='lat' dir='ltr'>sunt</span> <span class='ocrx_word' id='word_1_118' title='bbox 1294 2342 1742 2452; x_wconf 87' lang='lat' dir='ltr'>frequenter,</span> <span class='ocrx_word' id='word_1_119' title='bbox 1778 2353 1883 2425; x_wconf 90' lang='lat' dir='ltr'>illi</span> <span class='ocrx_word' id='word_1_120' title='bbox 1932 2352 2204 2425; x_wconf 88' lang='lat' dir='ltr'>dicant.</span> <span class='ocrx_word' id='word_1_121' title='bbox 2306 2352 2463 2447; x_wconf 85' lang='lat' dir='ltr'>Ego</span> 
     </span>
     <span class='ocr_line' id='line_1_18' title="bbox 386 2464 2466 2568; baseline -0.002 -25"><span class='ocrx_word' id='word_1_122' title='bbox 386 2470 624 2543; x_wconf 88' lang='lat' dir='ltr'>dicam</span> <span class='ocrx_word' id='word_1_123' title='bbox 688 2481 998 2559; x_wconf 90' lang='lat' dir='ltr'>tautum,</span> <span class='ocrx_word' id='word_1_124' title='bbox 1061 2469 1295 2568; x_wconf 88' lang='lat' dir='ltr'>qualis</span> <span class='ocrx_word' id='word_1_125' title='bbox 1355 2492 1504 2541; x_wconf 88' lang='lat' dir='ltr'>non</span> <span class='ocrx_word' id='word_1_126' title='bbox 1564 2466 1855 2540; x_wconf 87' lang='lat' dir='ltr'>fuerim.</span> <span class='ocrx_word' id='word_1_127' title='bbox 1961 2464 2246 2538; x_wconf 85' lang='lat' dir='ltr'>Bellum</span> <span class='ocrx_word' id='word_1_128' title='bbox 2307 2478 2466 2539; x_wconf 91' lang='lat' dir='ltr'>erat</span> 
     </span>
     <span class='ocr_line' id='line_1_19' title="bbox 388 2579 2465 2680; baseline -0.003 -22"><span class='ocrx_word' id='word_1_129' title='bbox 388 2586 637 2659; x_wconf 87' lang='lat' dir='ltr'>civile:</span> <span class='ocrx_word' id='word_1_130' title='bbox 676 2608 813 2680; x_wconf 84' lang='lat' dir='ltr'>ego</span> <span class='ocrx_word' id='word_1_131' title='bbox 850 2584 926 2656; x_wconf 91' lang='lat' dir='ltr'>in</span> <span class='ocrx_word' id='word_1_132' title='bbox 961 2585 1294 2680; x_wconf 89' lang='lat' dir='ltr'>partibus</span> <span class='ocrx_word' id='word_1_133' title='bbox 1332 2595 1593 2657; x_wconf 88' lang='lat' dir='ltr'>contra</span> <span class='ocrx_word' id='word_1_134' title='bbox 1626 2605 1875 2678; x_wconf 84' lang='lat' dir='ltr'>regem</span> <span class='ocrx_word' id='word_1_135' title='bbox 1926 2604 2298 2676; x_wconf 90' lang='lat' dir='ltr'>nunquam</span> <span class='ocrx_word' id='word_1_136' title='bbox 2334 2579 2465 2652; x_wconf 88' lang='lat' dir='ltr'>fui.</span> 
     </span>
     <span class='ocr_line' id='line_1_20' title="bbox 383 2693 2466 2796; baseline -0.004 -23"><span class='ocrx_word' id='word_1_137' title='bbox 383 2702 541 2796; x_wconf 84' lang='lat' dir='ltr'>Ego</span> <span class='ocrx_word' id='word_1_138' title='bbox 578 2699 1054 2795; x_wconf 90' lang='lat' dir='ltr'>epistolarum</span> <span class='ocrx_word' id='word_1_139' title='bbox 1090 2723 1325 2796; x_wconf 90' lang='lat' dir='ltr'>neque</span> <span class='ocrx_word' id='word_1_140' title='bbox 1355 2699 1575 2793; x_wconf 75' lang='lat' dir='ltr'>regie,</span> <span class='ocrx_word' id='word_1_141' title='bbox 1601 2720 1835 2793; x_wconf 89' lang='lat' dir='ltr'>neque</span> <span class='ocrx_word' id='word_1_142' title='bbox 1872 2696 2298 2790; x_wconf 87' lang='lat' dir='ltr'>cujusquam</span> <span class='ocrx_word' id='word_1_143' title='bbox 2341 2693 2466 2790; x_wconf 92' lang='lat' dir='ltr'>qui</span> 
     </span>
     <span class='ocr_line' id='line_1_21' title="bbox 383 2806 2467 2909; baseline -0.004 -23"><span class='ocrx_word' id='word_1_144' title='bbox 383 2837 622 2908; x_wconf 86' lang='lat' dir='ltr'>arege</span> <span class='ocrx_word' id='word_1_145' title='bbox 658 2812 883 2899; x_wconf 90' lang='lat' dir='ltr'>stetit,</span> <span class='ocrx_word' id='word_1_146' title='bbox 909 2836 1177 2885; x_wconf 88' lang='lat' dir='ltr'>arcana</span> <span class='ocrx_word' id='word_1_147' title='bbox 1213 2813 1466 2909; x_wconf 89' lang='lat' dir='ltr'>aperui</span> <span class='ocrx_word' id='word_1_148' title='bbox 1488 2821 1619 2884; x_wconf 90' lang='lat' dir='ltr'>aut</span> <span class='ocrx_word' id='word_1_149' title='bbox 1645 2809 1956 2882; x_wconf 91' lang='lat' dir='ltr'>inimicis</span> <span class='ocrx_word' id='word_1_150' title='bbox 1986 2806 2300 2904; x_wconf 90' lang='lat' dir='ltr'>prodidi.</span> <span class='ocrx_word' id='word_1_151' title='bbox 2380 2808 2467 2879; x_wconf 93' lang='lat' dir='ltr'>In</span> 
     </span>
     <span class='ocr_line' id='line_1_22' title="bbox 383 2921 2465 3022; baseline -0.004 -23"><span class='ocrx_word' id='word_1_152' title='bbox 383 2928 545 3022; x_wconf 86' lang='lat' dir='ltr'>lege</span> <span class='ocrx_word' id='word_1_153' title='bbox 583 2925 987 2998; x_wconf 87' lang='lat' dir='ltr'>Amnestiae</span> <span class='ocrx_word' id='word_1_154' title='bbox 1039 2949 1203 3020; x_wconf 85' lang='lat' dir='ltr'>quae</span> <span class='ocrx_word' id='word_1_155' title='bbox 1260 2935 1571 3020; x_wconf 89' lang='lat' dir='ltr'>sequuta</span> <span class='ocrx_word' id='word_1_156' title='bbox 1622 2935 1757 3009; x_wconf 88' lang='lat' dir='ltr'>est,</span> <span class='ocrx_word' id='word_1_157' title='bbox 1812 2921 2171 3017; x_wconf 86' lang='lat' dir='ltr'>flagitium</span> <span class='ocrx_word' id='word_1_158' title='bbox 2221 2944 2465 2992; x_wconf 87' lang='lat' dir='ltr'>meum</span> 
     </span>
     <span class='ocr_line' id='line_1_23' title="bbox 385 3034 2466 3133; baseline -0.004 -22"><span class='ocrx_word' id='word_1_159' title='bbox 385 3039 667 3111; x_wconf 90' lang='lat' dir='ltr'>nullum</span> <span class='ocrx_word' id='word_1_160' title='bbox 710 3037 1157 3110; x_wconf 88' lang='lat' dir='ltr'>nominatur.</span> <span class='ocrx_word' id='word_1_161' title='bbox 1260 3038 1417 3133; x_wconf 85' lang='lat' dir='ltr'>Ego</span> <span class='ocrx_word' id='word_1_162' title='bbox 1461 3035 1667 3108; x_wconf 91' lang='lat' dir='ltr'>illum</span> <span class='ocrx_word' id='word_1_163' title='bbox 1701 3059 1851 3108; x_wconf 90' lang='lat' dir='ltr'>non</span> <span class='ocrx_word' id='word_1_164' title='bbox 1887 3034 2248 3107; x_wconf 86' lang='lat' dir='ltr'>lacessivi:</span> <span class='ocrx_word' id='word_1_165' title='bbox 2304 3044 2466 3104; x_wconf 90' lang='lat' dir='ltr'>tan-</span> 
     </span>
     <span class='ocr_line' id='line_1_24' title="bbox 383 3143 2466 3244; baseline -0.003 -21"><span class='ocrx_word' id='word_1_166' title='bbox 383 3149 765 3223; x_wconf 91' lang='lat' dir='ltr'>tummodo</span> <span class='ocrx_word' id='word_1_167' title='bbox 830 3147 1199 3244; x_wconf 88' lang='lat' dir='ltr'>respondi,</span> <span class='ocrx_word' id='word_1_168' title='bbox 1261 3149 1368 3220; x_wconf 91' lang='lat' dir='ltr'>ita</span> <span class='ocrx_word' id='word_1_169' title='bbox 1425 3158 1509 3221; x_wconf 92' lang='lat' dir='ltr'>ut</span> <span class='ocrx_word' id='word_1_170' title='bbox 1576 3158 2163 3219; x_wconf 81' lang='lat' dir='ltr'>commoveretur</span> <span class='ocrx_word' id='word_1_171' title='bbox 2196 3181 2214 3233; x_wconf 81' lang='lat'>3</span> <span class='ocrx_word' id='word_1_172' title='bbox 2268 3143 2466 3241; x_wconf 89' lang='lat' dir='ltr'>quod</span> 
     </span>
     <span class='ocr_line' id='line_1_25' title="bbox 384 3258 2466 3362; baseline -0.004 -24"><span class='ocrx_word' id='word_1_173' title='bbox 384 3265 747 3362; x_wconf 85' lang='lat' dir='ltr'>flagitium</span> <span class='ocrx_word' id='word_1_174' title='bbox 776 3286 925 3335; x_wconf 88' lang='lat' dir='ltr'>non</span> <span class='ocrx_word' id='word_1_175' title='bbox 953 3272 1088 3335; x_wconf 91' lang='lat' dir='ltr'>est.</span> <span class='ocrx_word' id='word_1_176' title='bbox 1143 3260 1635 3358; x_wconf 89' lang='lat' dir='ltr'>Conqueritur</span> <span class='ocrx_word' id='word_1_177' title='bbox 1662 3261 1853 3332; x_wconf 87' lang='lat' dir='ltr'>sicut</span> <span class='ocrx_word' id='word_1_178' title='bbox 1887 3282 2092 3354; x_wconf 90' lang='lat' dir='ltr'>puer,</span> <span class='ocrx_word' id='word_1_179' title='bbox 2119 3258 2290 3354; x_wconf 90' lang='lat' dir='ltr'>quia</span> <span class='ocrx_word' id='word_1_180' title='bbox 2317 3281 2466 3329; x_wconf 91' lang='lat' dir='ltr'>non</span> 
     </span>
     <span class='ocr_line' id='line_1_26' title="bbox 382 3369 2465 3469; baseline -0.004 -18"><span class='ocrx_word' id='word_1_181' title='bbox 382 3379 644 3451; x_wconf 87' lang='lat' dir='ltr'>vincit:</span> <span class='ocrx_word' id='word_1_182' title='bbox 703 3400 873 3449; x_wconf 90' lang='lat' dir='ltr'>cum</span> <span class='ocrx_word' id='word_1_183' title='bbox 922 3387 1169 3449; x_wconf 91' lang='lat' dir='ltr'>tamen</span> <span class='ocrx_word' id='word_1_184' title='bbox 1229 3374 1342 3447; x_wconf 89' lang='lat' dir='ltr'>sui</span> <span class='ocrx_word' id='word_1_185' title='bbox 1385 3373 1614 3469; x_wconf 89' lang='lat' dir='ltr'>ipsius</span> <span class='ocrx_word' id='word_1_186' title='bbox 1663 3372 1879 3467; x_wconf 89' lang='lat' dir='ltr'>culpa</span> <span class='ocrx_word' id='word_1_187' title='bbox 1924 3372 2044 3460; x_wconf 90' lang='lat' dir='ltr'>sit,</span> <span class='ocrx_word' id='word_1_188' title='bbox 2082 3369 2280 3466; x_wconf 93' lang='lat' dir='ltr'>quod</span> <span class='ocrx_word' id='word_1_189' title='bbox 2314 3395 2465 3443; x_wconf 90' lang='lat' dir='ltr'>non</span> 
     </span>
     <span class='ocr_line' id='line_1_27' title="bbox 383 3485 2463 3580; baseline -0.003 -18"><span class='ocrx_word' id='word_1_190' title='bbox 383 3491 720 3564; x_wconf 88' lang='lat' dir='ltr'>videatur</span> <span class='ocrx_word' id='word_1_191' title='bbox 793 3490 1039 3562; x_wconf 91' lang='lat' dir='ltr'>multis</span> <span class='ocrx_word' id='word_1_192' title='bbox 1110 3512 1268 3561; x_wconf 92' lang='lat' dir='ltr'>esse</span> <span class='ocrx_word' id='word_1_193' title='bbox 1339 3486 1626 3560; x_wconf 90' lang='lat' dir='ltr'>doctus.</span> <span class='ocrx_word' id='word_1_194' title='bbox 1757 3485 2114 3558; x_wconf 87' lang='lat' dir='ltr'>Ausculta</span> <span class='ocrx_word' id='word_1_195' title='bbox 2188 3485 2463 3580; x_wconf 81' lang='lat' dir='ltr'>pauciS,</span> 
     </span>
     <span class='ocr_line' id='line_1_28' title="bbox 385 3598 2465 3693; baseline -0.004 -16"><span class='ocrx_word' id='word_1_196' title='bbox 385 3606 450 3677; x_wconf 94' lang='grc' dir='ltr'><strong>Ο</strong></span> <span class='ocrx_word' id='word_1_197' title='bbox 479 3603 856 3678; x_wconf 86' lang='lat' dir='ltr'>Professor</span> <span class='ocrx_word' id='word_1_198' title='bbox 885 3602 1367 3676; x_wconf 79' lang='lat' dir='ltr'>Academicel</span> <span class='ocrx_word' id='word_1_199' title='bbox 1451 3601 1530 3673; x_wconf 88' lang='lat' dir='ltr'>Si</span> <span class='ocrx_word' id='word_1_200' title='bbox 1570 3599 1678 3672; x_wconf 91' lang='lat' dir='ltr'>vis</span> <span class='ocrx_word' id='word_1_201' title='bbox 1714 3623 1869 3671; x_wconf 88' lang='lat' dir='ltr'>esse</span> <span class='ocrx_word' id='word_1_202' title='bbox 1905 3598 2204 3693; x_wconf 87' lang='lat' dir='ltr'>aliquid,</span> <span class='ocrx_word' id='word_1_203' title='bbox 2231 3598 2346 3669; x_wconf 91' lang='lat' dir='ltr'>fac</span> <span class='ocrx_word' id='word_1_204' title='bbox 2382 3610 2465 3670; x_wconf 92' lang='lat' dir='ltr'>ut</span> 
     </span>
     <span class='ocr_line' id='line_1_29' title="bbox 385 3711 2464 3814; baseline -0.004 -23"><span class='ocrx_word' id='word_1_205' title='bbox 385 3742 548 3814; x_wconf 87' lang='lat' dir='ltr'>quae</span> <span class='ocrx_word' id='word_1_206' title='bbox 604 3718 860 3790; x_wconf 87' lang='lat' dir='ltr'>scribis</span> <span class='ocrx_word' id='word_1_207' title='bbox 919 3742 964 3789; x_wconf 87' lang='lat' dir='ltr'>a</span> <span class='ocrx_word' id='word_1_208' title='bbox 1018 3713 1571 3813; x_wconf 89' lang='lat' dir='ltr'>quamplurimis</span> <span class='ocrx_word' id='word_1_209' title='bbox 1632 3712 2162 3807; x_wconf 86' lang='lat' dir='ltr'>intelligantur.</span> <span class='ocrx_word' id='word_1_210' title='bbox 2269 3711 2464 3783; x_wconf 89' lang='lat' dir='ltr'>Cave</span> 
     </span>
     <span class='ocr_line' id='line_1_30' title="bbox 386 3823 2465 3928; baseline -0.005 -24"><span class='ocrx_word' id='word_1_211' title='bbox 386 3856 561 3927; x_wconf 88' lang='lat' dir='ltr'>ergo</span> <span class='ocrx_word' id='word_1_212' title='bbox 586 3856 629 3904; x_wconf 93' lang='lat' dir='ltr'>a</span> <span class='ocrx_word' id='word_1_213' title='bbox 652 3828 1331 3928; x_wconf 85' lang='lat' dir='ltr'>Symbolographia‚</span> <span class='ocrx_word' id='word_1_214' title='bbox 1356 3827 1495 3899; x_wconf 90' lang='lat' dir='ltr'>nisi</span> <span class='ocrx_word' id='word_1_215' title='bbox 1524 3824 1775 3924; x_wconf 72' lang='lat' dir='ltr'>siqua*</span> <span class='ocrx_word' id='word_1_216' title='bbox 1805 3825 2142 3898; x_wconf 90' lang='lat' dir='ltr'>omnibus</span> <span class='ocrx_word' id='word_1_217' title='bbox 2166 3823 2465 3918; x_wconf 86' lang='lat' dir='ltr'>cognita</span> 
     </span>
     <span class='ocr_line' id='line_1_31' title="bbox 320 3937 2461 4035; baseline -0.003 -21"><span class='ocrx_word' id='word_1_218' title='bbox 320 4017 337 4024; x_wconf 62' lang='grc'>,</span> <span class='ocrx_word' id='word_1_219' title='bbox 384 3943 629 4017; x_wconf 86' lang='lat' dir='ltr'>fuerit.</span> <span class='ocrx_word' id='word_1_220' title='bbox 720 3943 939 4017; x_wconf 92' lang='lat' dir='ltr'>Utilis</span> <span class='ocrx_word' id='word_1_221' title='bbox 966 3942 1272 4014; x_wconf 86' lang='lat' dir='ltr'>fortasse</span> <span class='ocrx_word' id='word_1_222' title='bbox 1302 3964 1457 4013; x_wconf 82' lang='lat' dir='ltr'>esse</span> <span class='ocrx_word' id='word_1_223' title='bbox 1484 3950 1731 4035; x_wconf 91' lang='lat' dir='ltr'>potest</span> <span class='ocrx_word' id='word_1_224' title='bbox 1758 3937 1893 4011; x_wconf 91' lang='lat' dir='ltr'>tibi</span> <span class='ocrx_word' id='word_1_225' title='bbox 1923 3938 2059 4033; x_wconf 88' lang='lat' dir='ltr'>ipsi</span> <span class='ocrx_word' id='word_1_226' title='bbox 2086 3937 2162 4008; x_wconf 92' lang='lat' dir='ltr'>in</span> <span class='ocrx_word' id='word_1_227' title='bbox 2190 3959 2461 4009; x_wconf 89' lang='lat' dir='ltr'>musaeo</span> 
     </span>
     <span class='ocr_line' id='line_1_32' title="bbox 388 4049 2460 4152; baseline -0.003 -25"><span class='ocrx_word' id='word_1_228' title='bbox 388 4070 560 4129; x_wconf 88' lang='lat' dir='ltr'>tuo:</span> <span class='ocrx_word' id='word_1_229' title='bbox 615 4057 745 4130; x_wconf 91' lang='lat' dir='ltr'>sed</span> <span class='ocrx_word' id='word_1_230' title='bbox 779 4058 855 4129; x_wconf 86' lang='lat' dir='ltr'>in</span> <span class='ocrx_word' id='word_1_231' title='bbox 892 4055 1191 4152; x_wconf 85' lang='lat' dir='ltr'>popu10‚</span> <span class='ocrx_word' id='word_1_232' title='bbox 1230 4066 1305 4127; x_wconf 90' lang='lat' dir='ltr'>et</span> <span class='ocrx_word' id='word_1_233' title='bbox 1340 4065 1551 4126; x_wconf 82' lang='lat' dir='ltr'>extra</span> <span class='ocrx_word' id='word_1_234' title='bbox 1584 4065 1859 4125; x_wconf 88' lang='lat' dir='ltr'>sectam</span> <span class='ocrx_word' id='word_1_235' title='bbox 1910 4062 2114 4123; x_wconf 89' lang='lat' dir='ltr'>tuam</span> <span class='ocrx_word' id='word_1_236' title='bbox 2161 4049 2460 4141; x_wconf 88' lang='lat' dir='ltr'>(sectam</span> 
     </span>
     <span class='ocr_line' id='line_1_33' title="bbox 387 4155 2461 4260; baseline -0.003 -21"><span class='ocrx_word' id='word_1_237' title='bbox 387 4168 551 4240; x_wconf 87' lang='lat' dir='ltr'>dico</span> <span class='ocrx_word' id='word_1_238' title='bbox 620 4167 1241 4260; x_wconf 86' lang='lat' dir='ltr'>mathematicam)</span> <span class='ocrx_word' id='word_1_239' title='bbox 1307 4165 1824 4239; x_wconf 88' lang='lat' dir='ltr'>incantationis</span> <span class='ocrx_word' id='word_1_240' title='bbox 1893 4155 1969 4236; x_wconf 87' lang='lat' dir='ltr'>et</span> <span class='ocrx_word' id='word_1_241' title='bbox 2038 4163 2461 4258; x_wconf 82' lang='lat' dir='ltr'>imposturae</span> 
     </span>
    </p>
   </div>
   <div class='ocr_carea' id='block_1_3' title="bbox 584 4418 2252 4584">
    <p class='ocr_par' dir='ltr' id='par_1_11' title="bbox 584 4418 2252 4584">
     <span class='ocr_line' id='line_1_34' title="bbox 1144 4418 1690 4478; baseline -0.005 0"><span class='ocrx_word' id='word_1_242' title='bbox 1144 4419 1175 4450; x_wconf 71' lang='lat'>⁴*</span> <span class='ocrx_word' id='word_1_243' title='bbox 1221 4418 1315 4478; x_wconf 88' lang='lat' dir='ltr'>Sic</span> <span class='ocrx_word' id='word_1_244' title='bbox 1346 4418 1482 4476; x_wconf 77' lang='lat' dir='ltr'>edit.</span> <span class='ocrx_word' id='word_1_245' title='bbox 1522 4421 1690 4477; x_wconf 88' lang='grc'><strong>1669.</strong></span> 
     </span>
     <span class='ocr_line' id='line_1_35' title="bbox 584 4531 2252 4584; baseline -0.002 0"><span class='ocrx_word' id='word_1_246' title='bbox 584 4534 768 4584; x_wconf 90' lang='lat' dir='ltr'>VOL.</span> <span class='ocrx_word' id='word_1_247' title='bbox 801 4533 910 4583; x_wconf 90' lang='lat' dir='ltr'>lv.</span> <span class='ocrx_word' id='word_1_248' title='bbox 2089 4532 2148 4581; x_wconf 90' lang='lat' dir='ltr'>M</span> <span class='ocrx_word' id='word_1_249' title='bbox 2193 4531 2252 4581; x_wconf 88' lang='lat' dir='ltr'><strong>M</strong></span> 
     </span>
    </p>
   </div>
  </div>
 </body>
</html>
