3094 5125
613 452 708 517 64
1040 465 1581 520 nxAMmA'no
1624 467 1724 519 m·
1763 465 2259 519 umanum-10

242 652 547 705 mannus
614 657 868 706 vocem
915 632 1210 708 unicam
1244 634 1534 708 definiri
1578 659 1729 709 non
1764 645 2058 733 potest:
2111 657 2350 730 neque
2395 632 2710 705 omnino

240 736 526 838 ᾧ
610 748 1061 831 necessaria;
1113 747 1255 821 nisi
1300 748 1498 821 enim
1542 748 2152 821 intellexissemus
2188 745 2367 843 quid
2412 747 2510 819 sit
2543 755 2708 819 ter-

608 860 865 949 minus,
902 860 1179 934 frustra
1218 871 1411 934 esset
1447 860 1778 939 definitio
1812 861 2056 951 tertia,
2108 860 2233 933 ubi
2266 859 2449 933 dicit
2481 859 2706 935 lineae

608 974 958 1077 terminos
992 996 1146 1047 esse
1176 983 1481 1072 puncta.

707 1085 806 1160 A.
860 1085 1210 1159 Definitio
1241 1086 1527 1160 decima
1555 1095 1842 1181 quarta,
1871 1086 2032 1160 haec
2060 1096 2172 1160 est
2196 1118 2214 1171 ;
2242 1087 2521 1185 figura
2552 1096 2701 1175 cst,

604 1223 767 1297 qaoe
824 1198 961 1272 sab
1020 1199 1278 1297 aliquo
1335 1199 1459 1274 vel
1513 1198 1892 1297 aliquibus
1960 1199 2301 1274 terminis
2363 1222 2703 1297 compre-

606 1311 974 1386 henditur.
1082 1314 1269 1389 Quae
1316 1312 1618 1412 quidem
1650 1336 1828 1386 vera
1860 1325 1999 1391 est.
2101 1313 2403 1387 Poterat
2446 1324 2702 1387 tamen

605 1424 803 1498 idem
861 1425 1153 1501 brevius
1212 1427 1383 1515 dici,
1449 1425 1880 1525 magnitudo
1938 1426 2290 1525 corporis
2347 1424 2445 1500 ab
2502 1426 2703 1500 omni

593 1548 832 1635 parte
840 1539 1099 1633 finita.

705 1651 799 1723 B.
857 1652 1116 1748 Neque
1149 1676 1325 1726 vero
1360 1652 1673 1748 intelligi
1706 1661 1974 1749 potest,
2030 1650 2128 1724 ad
2162 1651 2342 1750 quid
2375 1651 2696 1727 refertur

605 1764 995 1840 relativum
1031 1790 1211 1863 qam,
1248 1766 1392 1840 nisi
1425 1764 1521 1838 ad
1555 1765 2167 1862 magnitudinem.
2269 1765 2696 1849 Absurdum

606 1880 804 1954 enim
849 1891 1040 1953 esset
1085 1878 1354 1971 dicere,
1383 1879 1730 1977 figuram
1768 1902 1932 1951 csse
1959 1878 2309 1975 figuram
2356 1902 2524 1975 qaae
2554 1878 2694 1952 sub

605 1992 886 2091 aliqua,
921 2003 1065 2066 etc.

707 2106 802 2181 A.
856 2106 1162 2180 Decima
1188 2106 1448 2202 quinta
1473 2113 1587 2178 est
1610 2135 1630 2188 ;
1683 2102 2010 2177 circulus
2035 2105 2433 2202 cst-figura
2446 2103 2693 2202 plana

602 2217 737 2290 sub
770 2244 916 2292 ana
950 2219 1146 2292 linea
1182 2216 1732 2316 comprehensa,
1769 2242 1931 2315 qaoe
1951 2216 2402 2315 peripheria
2433 2217 2697 2315 appel-

604 2330 813 2403 latur
833 2357 864 2412 ‚·
914 2330 1024 2403 ad
1051 2354 1271 2427 qaam
1320 2327 1416 2402 ab
1448 2354 1590 2402 uno
1634 2338 1909 2428 puncto
1962 2353 2213 2403 coram
2261 2354 2428 2428 quoe
2482 2330 2693 2403 intra

580 2443 929 2539 figuram
982 2451 1151 2515 sunt
1189 2442 1481 2539 posita,
1532 2442 1878 2517 cadentes
1924 2465 2170 2517 omnes
2215 2452 2445 2517 rectoe
2478 2443 2692 2518 lineoe

604 2555 804 2630 inter
835 2580 920 2630 se
943 2565 1115 2629 sant
1140 2553 1490 2654 ecquale&
1593 2555 1943 2629 Definitio
1969 2556 2152 2646 haec,
2192 2558 2332 2630 etsi
2356 2581 2535 2630 vera
2567 2558 2685 2648 sit,

606 2681 684 2742 et
729 2668 991 2742 modus
1037 2667 1498 2742 describendi
1545 2668 1902 2742 circulum
1948 2669 2103 2741 sine
2143 2687 2688 2765 geometrarum

604 2806 745 2879 ope
779 2783 954 2856 satis
989 2782 1356 2879 cognituS‚
1402 2805 1539 2879 pro
1575 2794 1920 2856 accurata
1960 2794 2210 2858 tamen
2244 2784 2503 2857 haberi
2537 2808 2688 2857 non

604 2894 845 2970 debet.
951 2895 1227 2970 Debuit
1281 2895 1478 2968 enim
1536 2894 1946 2968 ostendisse
2005 2897 2208 2991 prius
2265 2897 2687 2993 hujusmodi

600 3009 857 3104 figurae
891 3008 1518 3083 constructionem
1562 3007 1713 3081 sive
1755 3009 2312 3103 generationem
2348 3034 2688 3106 quaenam

600 3134 815 3213 esset,
851 3135 937 3197 ut
961 3124 1311 3197 sciremus
1337 3122 1657 3219 aliquam
1685 3122 1763 3194 in
1799 3145 2046 3195 rerum
2074 3135 2339 3197 natura
2369 3124 2686 3220 figuram

599 3258 782 3326 esse,
819 3238 898 3310 in
931 3260 1079 3333 qua
1122 3237 1215 3310 ab
1251 3235 1469 3309 unico
1505 3244 1782 3333 puncto
1828 3235 1925 3309 ad
1970 3236 2227 3332 figurae
2273 3248 2686 3310 extremum

599 3373 854 3424 omnes
898 3349 1385 3448 undequaque
1434 3349 1651 3423 lineae
1698 3360 1941 3423 essent
1990 3350 2188 3423 inter
2228 3373 2305 3423 se
2341 3351 2682 3446 aequaleS.

600 3461 822 3536 Quod
856 3462 1154 3560 quidem
1185 3464 1350 3553 illis,
1387 3463 1516 3560 qui
1549 3486 1929 3558 nunquam
1973 3462 2332 3536 circulum
2368 3462 2684 3538 describi

595 3575 960 3666 viderant,
995 3575 1228 3649 videri
1261 3588 1511 3672 posset
1543 3574 1996 3649 incredibile.

695 3687 795 3762 B.
851 3687 1244 3763 Quomodo
1278 3698 1528 3763 autem
1558 3688 2016 3764 definiendus
2048 3701 2162 3763 est
2194 3690 2513 3764 circulus
2548 3714 2684 3786 per

595 3801 1145 3899 generationem
1173 3801 1199 3875 ἓ

692 3913 791 3990 A.
847 3912 1189 3988 Circalus
1237 3925 1352 3989 est
1375 3917 1655 4014 figura
1708 3914 2099 4013 descripta
2136 3938 2292 4013 per
2329 3914 2566 4006 lineae,
2602 3915 2679 3989 in

578 4027 817 4128 plano
872 4028 1262 4103 existentis
1313 4038 1388 4104 et
1436 4030 1646 4125 cujus
1692 4053 1877 4101 unus
1930 4028 2286 4102 terminus
2340 4029 2677 4126 quiescit,

594 4141 1300 4218 circumductionem.
1406 4142 1576 4217 Qua
1609 4140 1958 4215 methodo
2004 4141 2402 4215 definiendi
2442 4142 2679 4222 utitur

593 4257 817 4332 etiam
884 4255 1228 4331 Euclides
1296 4255 1376 4330 in
1444 4254 1872 4329 definitione
1938 4254 2275 4354 spkaerae,
2344 4256 2532 4347 coni,
2601 4267 2677 4330 et

587 4369 936 4466 cylindri.
