3094 5125
677 472 773 538 96
1113 487 1655 540 EXAMINATIO
1695 489 1799 541 Εἰ·
1837 490 2334 543 ΕΜΕΝΒΑΤῙΟ

310 680 611 722 1>1A110G1³⁸
678 665 1003 739 numeris
1073 667 1420 763 explicari
1489 691 1640 740 non
1707 668 2011 764 potest?
2118 668 2509 743 Quomodo
2581 692 2779 765 ergo

308 762 595 865 ᾧ
677 777 1314 875 contemplationis
1384 791 1559 852 sunt
1625 780 2131 870 arithmeticae,
2191 805 2357 878 quae
2423 792 2781 854 versatur

471 885 474 890 ⁶
676 903 965 966 tantum
1021 893 1098 966 in
1144 894 1557 967 rationibus
1610 894 2140 968 numerorum?
2244 894 2528 969 Contra
2559 918 2773 984 vero,

675 1006 868 1079 inter
901 1031 1246 1081 numeros
1274 1007 1464 1081 ratio
1492 1008 1695 1081 nulla
1721 1019 1855 1098 est,
1878 1034 2041 1106 quae
2062 1033 2214 1082 non
2235 1010 2500 1106 exponi
2525 1009 2775 1105 possit

673 1119 906 1194 lineis.
1013 1121 1236 1210 Quid,
1274 1122 1474 1216 quod
1510 1123 1794 1196 radices
1829 1146 2324 1212 numerorum,
2361 1147 2525 1219 quae
2559 1122 2771 1219 alge-

674 1232 885 1306 bram
953 1233 1107 1307 fere
1175 1245 1407 1308 totam
1475 1247 1920 1325 sustentant,
1975 1236 2369 1333 pleraeque,
2431 1247 2515 1308 ut
2583 1248 2769 1308 ante

672 1347 1114 1437 monuimus,
1151 1349 1438 1422 numeri
1485 1373 1636 1423 non
1682 1348 1904 1422 sunt?
2010 1350 2260 1425 Quare
2313 1360 2385 1422 et
2433 1349 2767 1422 calculus

673 1483 925 1532 earum
950 1485 1101 1533 non
1128 1462 1632 1536 arithmeticus
1663 1461 1793 1535 sed
1825 1463 2317 1558 geometricus
2352 1473 2489 1534 est.
2557 1462 2767 1536 Quid

673 1573 1011 1671 denique,
1073 1574 1269 1671 quod
1323 1600 1493 1649 cum
1561 1575 1656 1648 ad
1714 1576 2204 1672 aequationem
2262 1585 2563 1647 ventum
2619 1588 2762 1664 est,

668 1686 1049 1784 problema
1090 1688 1519 1784 plerumque
1578 1688 2067 1761 demonstrari
2112 1711 2262 1760 non
2295 1699 2542 1784 potest
2600 1688 2761 1760 sine

670 1801 914 1897 aliqua
948 1801 1334 1874 effectione
1367 1801 1871 1898 geometrica?
1978 1801 2163 1875 Haec
2209 1825 2377 1874 cum
2429 1801 2539 1873 ita
2583 1801 2757 1888 sint,

672 1914 850 2010 quid
896 1937 1175 2004 censeS,
1208 1915 1687 2011 geometriam
1733 1914 2242 2005 arithmeticae,
2278 1938 2374 1987 an
2408 1914 2601 1987 hanc
2647 1916 2753 1988 illi

672 2027 1225 2100 subordinatam
1262 2026 1472 2100 esse?

768 2141 867 2213 B.
918 2142 1079 2237 Ego
1116 2164 1288 2213 vero
1324 2164 1700 2236 nunquam
1732 2139 2064 2214 dubitavi
2085 2140 2262 2238 quin
2283 2140 2755 2215 arithmetica

666 2254 1093 2349 geometriae
1142 2277 1335 2351 pars,
1395 2277 1534 2327 nec
1595 2278 1683 2327 ea
1735 2279 2026 2350 magna,
2087 2266 2303 2327 esset.
2409 2254 2608 2327 Nam
2661 2279 2753 2328 ex

665 2366 990 2440 Euclidis
1023 2367 1229 2439 libris
1263 2390 1445 2461 pure
1479 2368 1972 2463 geometriciS,
2009 2367 2221 2441 educi
2256 2367 2471 2441 facile
2505 2380 2756 2464 potest

668 2479 1165 2564 arithmetica;
1197 2503 1364 2551 cum
1385 2479 1553 2552 libri
1575 2480 2042 2570 arithmetici,
2057 2504 2151 2553 ne
2174 2505 2429 2554 omnes
2451 2482 2752 2579 quidem

669 2593 886 2666 simul
920 2594 1045 2690 qui
1081 2617 1401 2690 unquam
1437 2595 1695 2692 scripti
1729 2608 1924 2683 sunt,
1959 2607 2088 2668 aut
2122 2620 2305 2692 quos
2343 2597 2749 2693 scripturus

667 2719 778 2780 est
788 2707 1186 2797 WallisiuS,
1201 2708 1565 2782 sufficiant
1586 2710 1682 2782 ad
1700 2707 2251 2805 producendam
2274 2711 2750 2783 centesimam

665 2831 951 2917 partem
1018 2821 1559 2895 theorematum
1625 2822 2268 2918 geometricorum,
2331 2846 2496 2919 quae
2549 2847 2749 2897 nunc

665 2935 1040 3008 habemus.

767 3048 865 3123 A.
920 3049 1134 3122 Adde
1162 3061 1238 3122 et
1282 3049 1449 3140 hoc,
1485 3049 1684 3147 quod
1730 3049 1921 3122 sicut
1974 3048 2231 3145 regula
2276 3047 2746 3144 alligationiS,

665 3175 742 3236 et
776 3163 1033 3259 regula
1064 3163 1252 3252 falsi,
1287 3162 1392 3235 ita
1421 3163 1755 3259 regulam
1801 3162 2120 3259 algebrae
2167 3185 2392 3235 unam
2444 3185 2602 3236 esse
2659 3187 2750 3237 ex

661 3275 933 3372 regulis
967 3275 1470 3349 arithmeticae.

759 3387 855 3461 Β.
912 3389 1061 3461 Sed
1097 3388 1328 3461 multo
1365 3388 1505 3461 illis
1540 3387 1993 3484 ampliorem.

763 3499 860 3573 A.
913 3501 1320 3574 Assentior.
1359 3501 1706 3598 Sequitur
1724 3524 1900 3573 usus
1921 3500 2440 3596 symbolorum,
2456 3525 2745 3599 nempe,

658 3613 1092 3703 necessitas,
1129 3612 1478 3702 brevitas,
1512 3612 2444 3711 perspicuitaS·—Prim0,
2480 3615 2742 3712 inquit,

658 3725 1134 3798 necessitatis
1160 3750 1391 3799 causa
1412 3754 1441 3809 ;
1492 3751 1650 3798 cum
1672 3750 1828 3823 pro
1863 3750 2159 3799 numero
2194 3725 2438 3799 adhuc
2483 3727 2743 3825 ignoto

657 3837 1130 3911 substituitur
1199 3837 1626 3934 symbolum,
1710 3864 1839 3911 seu
1920 3839 2341 3925 character,
2424 3864 2743 3938 eousque

659 3952 829 4025 dum
873 3951 1040 4049 ipse
1087 3950 1835 4026 innotescit—Quasi
1869 3952 2269 4048 problema,
2318 3952 2517 4049 quod
2571 3954 2742 4027 sub-

657 4066 917 4139 stituto
952 4064 1283 4160 symbolo
1321 4088 1450 4137 seu
1484 4064 1909 4138 charactere
1955 4065 2463 4162 investigatur,
2502 4066 2740 4140 inves-

654 4179 874 4276 tigari
901 4203 1051 4252 non
1086 4191 1335 4275 posset
1370 4179 1529 4252 sine
1564 4180 1919 4277 symb010.

753 4293 854 4366 B.
910 4294 1026 4365 An
1049 4292 1347 4388 potest?

753 4405 849 4479 Α.
907 4406 1162 4481 Quid?
1248 4408 1366 4482 An
1403 4430 1544 4480 vox
1591 4407 1751 4482 haec
1802 4406 2133 4505 ignotum
2183 4405 2300 4478 vel
2352 4408 2737 4502 quaesitum
