3094 5125
799 523 1435 577 MATHEMA‘ncAE
1477 526 1964 580 nonmRNAE.
2277 515 2302 579 l
2332 515 2404 581 11

315 698 413 763 64
452 722 473 775 ;
531 691 741 786 cujus
776 690 988 764 radix
1025 699 1070 764 8
1105 691 1405 788 aequalis
1451 703 1564 765 est
1604 691 1837 765 radici
1869 691 2156 765 numeri
2197 700 2241 766 9
2270 717 2419 767 una
2488 708 2786 750 D1A1=0011⁹

319 827 500 876 cum
534 804 765 877 radici
818 806 1103 877 numeri
1137 815 1261 878 25.
1366 806 1932 878 Demonstratur
1986 817 2234 879 autem
2288 805 2416 879 sic.
2499 790 2786 894 „ff-2

319 916 853 1012 Multiplicatae
888 919 1081 990 inter
1109 941 1186 990 se
1215 917 1498 990 radices
1532 917 1815 990 faciunt
1850 942 2076 991 unum
2112 942 2202 991 ex
2224 942 2420 991 com-

319 1029 763 1124 plementis;
825 1041 904 1104 et
963 1031 1372 1127 duplicatus
1431 1031 1613 1104 facit
1672 1030 1817 1104 duo
1886 1031 2422 1128 complementa

322 1141 426 1214 ad
494 1142 680 1215 duos
750 1142 1171 1240 quadratos,
1228 1152 1274 1215 9
1328 1154 1402 1216 et
1458 1153 1579 1232 25,
1634 1166 1852 1239 super
1903 1145 2209 1218 eandem
2267 1144 2422 1217 dia-

323 1255 672 1350 gonalem
728 1255 1161 1353 dispositos;
1232 1255 1498 1329 additis
1553 1279 1729 1350 ergo
1792 1255 1967 1353 ipsis
2020 1257 2420 1352 quadratiS,

325 1368 418 1441 fit
487 1367 932 1464 quadratum
991 1393 1037 1441 a
1089 1380 1293 1442 recta
1337 1368 1601 1464 aequali
1638 1369 1990 1444 lateribus
2040 1371 2420 1444 ambobus.

336 1480 547 1555 Illius
584 1505 761 1578 ergo
815 1482 1025 1555 radix
1071 1482 1369 1578 aequalis
1404 1491 1514 1555 est
1549 1504 1852 1555 summae
1887 1483 2216 1556 radicum
2253 1506 2423 1580 pro-

333 1595 768 1689 positarum.

445 1707 542 1779 B.
597 1707 853 1780 Recte.
957 1706 1371 1802 Multiplica
1430 1708 1586 1803 jam
1640 1732 2025 1781 numerum
2094 1709 2424 1783 radicum

341 1820 421 1893 in
454 1843 838 1893 numerum
876 1820 1231 1893 radicum.

446 1934 544 2006 A.
598 1931 887 2029 Regula
920 1944 1033 2005 est
1057 1934 1239 2006 haec.
1319 1934 1648 2007 Ducatur
1675 1934 2200 2031 quadratorum
2236 1958 2424 2008 unus

347 2048 422 2120 in
441 2047 756 2120 alterum
780 2077 800 2129 3
834 2045 1044 2118 radix
1071 2046 1412 2142 producti
1439 2047 1968 2144 multiplicetur
1993 2071 2126 2142 per
2150 2047 2427 2121 factum

349 2185 435 2233 ex
468 2162 817 2233 numeris,
921 2159 1257 2255 Exempli
1302 2183 1564 2234 causa:
1619 2162 1768 2235 sint
1805 2169 1850 2234 8
1908 2160 2192 2233 radices
2252 2183 2427 2256 qua-

353 2273 649 2346 draticae
661 2269 946 2344 numeri
967 2278 1014 2343 9
1041 2271 1618 2368 multiplicandae
1645 2275 1721 2347 in
1748 2282 1792 2346 3
1816 2273 2100 2346 radices
2122 2273 2430 2370 quadra-

350 2388 528 2460 ticas
580 2384 872 2458 numeri
906 2394 980 2457 4.
1087 2384 1450 2459 Quadrati
1483 2396 1527 2460 4
1567 2399 1641 2460 et
1679 2395 1725 2460 9
1763 2386 1958 2460 inter
2018 2411 2095 2459 se
2149 2386 2432 2459 faciunt

355 2508 488 2573 36:
540 2500 785 2574 factus
820 2522 911 2572 ex
946 2498 1266 2574 numeris
1304 2509 1348 2574 3
1386 2510 1462 2574 et
1497 2508 1542 2574 8
1579 2513 1690 2575 est
1724 2509 1818 2576 24
1848 2531 1866 2586 ;
1921 2500 2048 2598 qui
2081 2499 2432 2596 multipli-

353 2626 555 2687 catus
592 2613 667 2686 in
717 2612 1038 2686 radicem
1090 2612 1591 2709 quadraticam
1645 2623 1765 2704 36,
1787 2623 1977 2703 =6,
2032 2614 2210 2687 facit
2267 2622 2428 2687 144.

350 2726 814 2801 Tantundem
863 2725 1146 2798 faciunt
1182 2734 1227 2799 8
1263 2726 1545 2799 radices
1593 2727 2039 2823 quadraticae
2064 2735 2146 2813 9,
2182 2726 2261 2799 id
2295 2738 2430 2818 est,

352 2850 442 2915 24
480 2841 553 2914 in
583 2849 628 2913 3
651 2839 933 2912 radices
971 2839 1434 2936 quadraticas
1461 2849 1532 2929 4,
1558 2839 1635 2912 id
1671 2851 1802 2930 est,
1831 2841 1905 2914 in
1942 2849 2017 2913 6.
2105 2841 2427 2913 Demon-

350 2965 624 3028 stratur
659 2963 907 3025 autem
945 2953 1072 3025 sic.
1177 2952 1417 3025 Radix
1452 2962 1498 3027 9
1521 2954 1596 3025 in
1623 2954 1947 3027 radicem
1975 2963 2049 3041 4,
2079 2964 2189 3027 est
2224 2952 2436 3027 radix

350 3068 505 3164 ejus
555 3065 684 3161 qui
729 3066 814 3137 fit
849 3088 941 3137 ex
973 3071 1020 3136 9
1055 3064 1132 3137 in
1169 3072 1241 3153 4,
1277 3087 1412 3161 per
1465 3066 1795 3161 regulam
1853 3065 2165 3162 primam
2215 3089 2436 3162 supra

348 3179 727 3253 traditam.
837 3177 1084 3251 Quare
1122 3186 1167 3251 8
1202 3178 1488 3251 radices
1534 3179 1982 3276 quadraticae
2017 3186 2090 3267 9,
2126 3179 2201 3250 in
2239 3186 2284 3250 3
2318 3202 2437 3252 ra-

352 3294 550 3367 dices
586 3290 1051 3388 quadraticas
1086 3300 1159 3380 4,
1196 3303 1311 3364 est
1344 3290 1422 3363 id
1457 3291 1658 3389 quod
1689 3294 1774 3365 fit
1810 3315 1900 3364 ex
1935 3299 2028 3363 24
2067 3290 2438 3365 radicibus

354 3402 801 3503 quadraticis
857 3404 1012 3498 ejus
1066 3403 1352 3476 numeri
1408 3404 1533 3499 qui
1586 3405 1672 3477 fit
1725 3428 1815 3478 ex
1849 3411 1895 3476 9
1934 3404 2009 3475 in
2045 3411 2136 3483 43
2191 3402 2267 3475 id
2302 3415 2437 3493 est,

355 3518 551 3617 quod
586 3519 676 3591 fit
710 3541 801 3590 ex
834 3526 926 3590 24
966 3517 1043 3590 in
1078 3526 1151 3607 6,
1190 3517 1266 3590 id
1301 3528 1434 3607 est,
1470 3518 1757 3590 numeri
1801 3526 1963 3590 144.

451 3630 548 3705 B.
603 3631 695 3704 In
731 3631 1051 3703 numeris
1087 3629 1384 3727 quidem
1412 3629 1790 3728 quadratis
1820 3627 2287 3726 operabimur
2307 3652 2442 3725 per

356 3745 550 3818 hanc
582 3743 915 3840 regulam
949 3744 1496 3817 accuratissime
1525 3775 1545 3828 ;
1586 3744 1808 3817 etiam
1841 3742 1919 3816 in
1946 3742 2268 3816 numeris
2288 3766 2441 3816 non

363 3856 740 3954 quadratis
775 3855 1017 3929 minor
1054 3857 1282 3930 multo
1317 3856 1457 3930 erit
1495 3880 1724 3943 error,
1759 3881 1978 3954 quam
2034 3856 2095 3929 si
2154 3855 2439 3929 radices

364 3979 731 4044 extractas
790 3991 938 4041 non
1007 3992 1216 4043 veras
1269 3980 1439 4065 post
1493 3970 2142 4067 multiplicaremus
2175 3996 2192 4039 ι
2265 3990 2439 4039 nam

364 4081 1017 4179 multiplicaremus
1068 4107 1217 4156 una
1276 4106 1621 4157 errorem.
1759 4083 1905 4157 Sed
1941 4083 2292 4157 eademne
2326 4091 2441 4152 est

365 4195 757 4270 methodus
791 4194 1328 4291 multiplicandi
1381 4195 1666 4269 radices
1725 4197 2045 4287 cubicaS,
2083 4216 2247 4289 quae
2300 4191 2445 4265 fuit

368 4306 904 4405 multiplicandi
937 4307 1219 4381 radices
1255 4307 1773 4404 quadraticas?

459 4420 553 4496 A.
607 4418 912 4494 Eadem.
1016 4420 1209 4493 Nam
1243 4419 1418 4496 illici
1453 4433 1829 4495 ostensum
1863 4429 1976 4493 est
1999 4414 2444 4514 productum
