3094 5125
364 701 500 743 OAP.
523 704 628 745 XX.

352 773 638 806 s--r-a

332 830 401 873 De
421 830 689 876 dimensione

330 895 499 940 circuli.

727 495 873 561 448
1016 509 1122 561 DE
1163 509 1625 562 PRINCIPIIS
1666 509 1768 562 ΕΤ
1805 508 2536 563 RATIOOINATIONE

726 677 878 768 Ra,
903 678 1407 775 productaque
1434 688 1518 751 ut
1552 689 1751 752 secet
1785 677 1914 769 ba,
1944 678 2315 752 absecabit
2347 688 2672 750 sextam
2698 678 2866 772 ejus

723 803 1037 888 partem,
1088 804 1390 888 propter
1437 791 1593 882 Ad,
1632 791 1737 864 ba
1790 792 1869 864 in
1912 791 2281 887 triangulo
2328 790 2522 863 Rha
2589 790 2868 887 pasal-

725 905 926 979 lelas.
982 906 1230 979 Quare
1259 906 1633 978 absecabit
1665 905 1742 977 in
1790 903 1885 977 ba
1919 916 2198 978 rectam
2231 904 2608 1002 aequalem
2652 902 2867 976 sinui

722 1042 937 1091 arcus
975 1018 1110 1091 Bc.
1219 1018 1439 1092 Quod
1496 1018 1943 1116 impossibile
1993 1030 2129 1105 est,
2162 1018 2301 1092 nisi
2341 1018 2444 1091 ba
2479 1029 2870 1091 transeat

720 1155 853 1228 per
885 1156 973 1204 c:
1024 1155 1191 1204 cum
1225 1132 1324 1204 sit
1356 1145 1441 1205 ut
1474 1131 1607 1204 Ad
1642 1129 1927 1227 (2-AD)
1967 1131 2064 1204 ad
2097 1131 2261 1218 AD,
2295 1132 2403 1204 ita
2451 1131 2693 1204 sinus
2735 1154 2864 1202 ar-

724 1266 854 1316 cus
901 1243 1018 1316 Bc
1070 1243 1167 1317 ad
1219 1245 1633 1341 sextuplum
1696 1245 1937 1318 sinum
1992 1267 2206 1318 arcus
2268 1244 2408 1317 Bc.
2506 1243 2866 1317 Transit

726 1380 901 1452 ergo
937 1354 1042 1429 ba
1070 1380 1201 1453 per
1240 1382 1305 1430 c.

820 1469 1101 1544 Eodem
1138 1470 1381 1560 modo,
1418 1470 1481 1543 si
1506 1493 1720 1544 arcus
1755 1469 1874 1542 Bc
1911 1483 2200 1544 secetur
2236 1468 2606 1558 bifariam,
2644 1469 2863 1541 fient

721 1605 935 1657 arcus
969 1583 1396 1674 duodecem,
1424 1595 1502 1657 et
1555 1584 1757 1657 sinus
1807 1583 2208 1657 eorundem
2258 1583 2576 1656 totidem
2618 1610 2642 1654 ε
2712 1582 2858 1678 qui

721 1695 924 1769 sinus
979 1720 1265 1792 semper
1324 1706 1564 1786 erunt,
1618 1696 1832 1769 simul
1891 1698 2189 1794 sumpti,
2244 1698 2567 1769 minores
2643 1719 2857 1769 arcu

724 1808 882 1899 BD,
937 1810 1251 1905 majores
1298 1821 1549 1883 tamen
1608 1821 1813 1883 recta
1866 1809 1985 1884 ba.
2093 1810 2374 1883 Eadem
2426 1810 2847 1896 methodO,

720 1922 1114 1996 bisecando
1181 1923 1259 1995 in
1325 1935 1788 2021 perpetuum,
1850 1923 2140 1997 ostendi
2197 1935 2467 2020 potest,
2521 1940 2848 1997 rectam

725 2060 1014 2110 omnem
1053 2036 1351 2110 ductam
1388 2037 1580 2111 infra
1618 2037 1733 2110 BS
1768 2036 2050 2132 ipsique
2082 2035 2531 2133 parallelam,
2559 2037 2843 2110 termi-

721 2161 980 2222 natam
1034 2151 1109 2222 in
1145 2150 1367 2223 rectis
1403 2149 1558 2238 AB,
1590 2150 1736 2237 DS,
1772 2149 2127 2222 minorem
2184 2172 2340 2222 esse
2399 2173 2575 2222 arcu
2638 2151 2839 2223 BD.-

722 2275 821 2353 et,
856 2288 988 2361 per
1020 2288 1494 2361 consequenS,
1532 2276 1807 2337 rectam
1846 2262 1986 2352 BS,
2023 2262 2507 2359 compositam
2550 2287 2646 2336 ex
2703 2286 2836 2334 ra-

723 2378 849 2452 dio
878 2393 955 2452 et
987 2390 1339 2475 tangente
1373 2386 1469 2453 30
1490 2377 1874 2473 graduum,
1903 2400 2052 2450 non
2079 2400 2235 2450 esse
2269 2400 2449 2449 arcu
2483 2377 2620 2450 BD
2659 2401 2832 2450 ma-

717 2493 982 2588 jorem.
1085 2493 1333 2565 Minor
1368 2504 1615 2565 autem
1652 2514 1811 2564 esse
1843 2513 1995 2564 non
2029 2502 2320 2587 potest:
2376 2513 2544 2562 cum
2604 2490 2832 2564 locus

724 2605 967 2678 nullus
1002 2604 1329 2678 ulteriori
1376 2604 1767 2677 bisectioni
1803 2603 2098 2677 relictus
2133 2604 2253 2678 sit.
2352 2603 2594 2677 Etiam
2629 2628 2825 2699 geo-

724 2729 975 2791 metrae
1009 2741 1260 2791 omnes
1295 2718 1420 2813 qui
1453 2717 2037 2813 magnitudinem
2073 2717 2328 2791 circuli
2364 2717 2823 2791 determina-

725 2843 923 2921 runt,
960 2854 1212 2904 arcum
1267 2832 1398 2905 BD
1443 2831 1725 2905 faciunt
1773 2833 2126 2905 minorem
2163 2856 2379 2929 quam
2438 2843 2550 2904 est
2601 2845 2821 2906 recta

726 2943 866 3016 BS.
944 2945 1193 3018 Habes
1229 2969 1404 3042 ergo
1433 2945 2129 3017 demonstrationem
2160 2944 2626 3041 quadraturae
2660 2948 2816 3019 cir-

726 3058 873 3131 culi
907 3059 1148 3133 verbis
1196 3059 1394 3133 haud
1431 3059 1664 3133 multo
1698 3059 2027 3154 pluribus
2061 3082 2281 3155 quam
2315 3082 2473 3156 quae
2508 3070 2677 3133 sunt
2728 3062 2814 3134 in

727 3174 1294 3247 constructione.

833 3285 1109 3360 Coroll.
1133 3289 1193 3360 ·i.
1264 3288 1343 3361 Si
1370 3290 1727 3383 jungatur
1762 3296 1966 3359 reeta
2000 3284 2132 3359 RG
2161 3309 2416 3358 secans
2456 3285 2586 3358 AD
2629 3286 2808 3382 ins,

726 3398 1089 3496 producta
1122 3399 1226 3472 ba
1260 3400 1338 3473 in
1374 3425 1437 3490 e,
1468 3410 1544 3472 et
1568 3398 1683 3471 ΒΞ
1711 3397 1788 3471 in
1821 3398 1872 3487 i,
1903 3398 2043 3471 erit
2079 3398 2183 3470 Bi
2216 3399 2437 3472 tertia
2461 3422 2629 3495 pars
2651 3422 2806 3472 rec-

726 3525 824 3587 tae
858 3512 1001 3600 ΒΞ,
1038 3524 1116 3585 et
1142 3513 1443 3609 aequalis
1478 3510 1682 3584 arcui
1721 3510 1848 3584 BG
1881 3541 1900 3594 ;
1938 3520 2013 3583 et
2047 3507 2141 3582 be
2173 3511 2473 3607 aequalis
2509 3511 2808 3585 chordae

728 3627 905 3711 BG;
959 3639 1038 3700 et
1090 3625 1221 3719 Af
1258 3625 1556 3722 aequalis
1612 3624 1820 3698 radio
1878 3624 2133 3697 circuli
2194 3626 2404 3720 cujus
2440 3624 2806 3721 quadrans

726 3740 1022 3838 aequalis
1078 3749 1188 3811 est
1238 3740 1441 3812 arcui
1498 3738 1675 3822 BG;
1729 3749 1805 3811 et
1839 3737 1978 3811 Ad
2031 3738 2280 3811 radius
2336 3763 2549 3811 arcus
2596 3740 2805 3835 cujus

725 3853 1091 3951 quadrans
1135 3851 1392 3925 circuli
1428 3851 1731 3948 aequalis
1779 3863 1891 3923 est
1940 3851 2147 3923 arcui
2185 3850 2347 3923 Bc:
2404 3862 2480 3925 et
2531 3852 2605 3924 in
2640 3851 2806 3924 uni-

724 3991 1040 4055 versum,
1077 3988 1330 4040 omnes
1385 3976 1609 4038 rectae
1659 3963 1903 4038 ductae
1953 3965 2044 4037 ab
2104 3965 2171 4036 R
2211 3963 2307 4036 ad
2361 3989 2614 4038 arcum
2650 3962 2801 4052 BG,

727 4082 1079 4154 secabunt
1115 4078 1250 4176 Af,
1286 4093 1361 4152 et
1394 4101 1646 4151 arcum
1672 4076 1821 4167 BG,
1848 4078 1925 4149 in
1955 4077 2240 4150 ratione
2278 4076 2466 4150 radii
2501 4077 2596 4150 ad
2631 4100 2800 4174 qua-

728 4194 1062 4267 drantem
1099 4218 1142 4266 a
1179 4217 1255 4265 se
1289 4192 1759 4287 descriptum.
1864 4191 1976 4263 Ex
2022 4215 2167 4286 quo
2203 4191 2535 4286 sequitur
2567 4189 2801 4263 facilis

727 4306 984 4380 divisio
1021 4330 1234 4379 arcus
1282 4306 1432 4379 sive
1476 4304 1726 4401 anguli
1777 4305 1854 4377 in
1905 4304 2188 4379 ratione
2241 4303 2436 4392 data,
2475 4315 2561 4377 ut
2613 4303 2802 4377 infra

724 4420 1009 4516 patebit
1043 4419 1138 4492 ad
1176 4443 1335 4515 cap.
1374 4417 1576 4493 xxiii.
