3094 5125
652 484 746 548 38
1084 492 1627 546 ExAmNArlo
1667 492 1771 544 Εἰ·
1807 492 2302 544 ΕΜΕΝοΑτιο

277 700 577 743 nameus
754 661 859 735 B.
907 660 1111 736 Quid
1168 674 1416 734 autem
1476 660 1609 732 fiet
1666 659 1728 732 si
1788 660 2201 756 subjectum
2263 658 2528 730 resolvi
2589 681 2739 731 non

401 782 443 822 ¹·
647 784 916 872 potest,
951 785 1036 848 ut
1068 774 1500 871 plerumque
1534 774 1625 846 fit
1657 772 1734 845 in
1768 772 2160 869 generibus
2188 771 2545 845 summis?

749 887 844 963 A.
900 888 1086 961 Cum
1118 889 1286 962 finis
1335 886 1736 961 definiendi
1770 886 1865 960 sit
1897 886 2323 982 ambiguum
2357 884 2643 973 tollere,
2680 883 2743 957 si

649 1026 782 1101 per
816 1002 1117 1076 nomina
1163 1001 1239 1074 id
1280 1002 1441 1075 fieri
1488 1025 1638 1073 non
1687 1010 1957 1095 potest,
2009 997 2429 1072 faciendum
2463 1011 2580 1070 est
2611 1019 2746 1093 per

652 1114 1009 1211 exempla.
1114 1114 1494 1188 Addamus
1530 1137 1707 1210 ergo
1756 1111 2169 1186 definitioni
2200 1120 2473 1184 nostrae
2507 1133 2747 1206 pauca

652 1229 877 1303 etiam
911 1228 1158 1317 verba,
1195 1241 1282 1300 ut
1322 1239 1485 1301 tota
1526 1228 1688 1300 haec
1722 1226 1868 1309 sit;
1921 1223 2245 1321 definitio
2297 1232 2414 1296 est
2459 1246 2746 1322 propo-

650 1343 857 1433 sitio,
893 1342 1107 1437 cujas
1151 1341 1654 1439 praedieatam
1702 1349 1820 1413 est
1871 1336 2188 1434 sabjecti
2245 1336 2742 1425 resolutivam,

655 1456 782 1529 ubi
812 1454 1007 1549 fieri
1051 1463 1316 1552 potest
1338 1481 1368 1538 ,·
1418 1451 1541 1526 ubi
1575 1452 1773 1547 fleri
1827 1475 1966 1523 non
2007 1458 2286 1548 potest,
2338 1448 2745 1546 exemplifi-

656 1567 999 1641 cativum.

756 1681 859 1755 B.
913 1680 1143 1775 Perge
1177 1679 1446 1775 legere.

758 1794 859 1867 A.
919 1792 1101 1878 Quae
1128 1802 1371 1865 tamen
1396 1791 1725 1889 definitio
1759 1815 1900 1864 non
1926 1790 2118 1863 omni
2142 1788 2748 1862 demonstrationi

660 1906 1043 1982 convenire
1082 1905 1433 2003 putanda
1493 1915 1610 1979 est
1631 1932 1660 1989 ,·
1722 1903 1866 1978 sed
1921 1903 2039 1976 itti
2106 1927 2258 1999 quoe
2307 1911 2427 1975 est
2474 1928 2572 1979 ι-οῡ
2599 1919 2745 1990 διότι,

662 2045 813 2118 quoe
847 2019 1071 2093 etiam
1105 2024 1295 2101 κυρίως
1332 2017 1867 2092 demonstratio
1900 2016 2202 2090 dicitur.
2307 2013 2438 2086 Ad
2467 2014 2749 2087 demon-

661 2133 1095 2206 strationem
1128 2154 1224 2204 τιιῡ
1278 2146 1381 2212 ὅτι,
1407 2132 1679 2227 sufficit
1703 2137 2217 2229 argumentum
2241 2126 2339 2200 ab
2357 2128 2750 2222 &ecta-

660 2246 943 2319 Vellem
978 2244 1352 2318 definisset
1399 2243 1577 2340 quid
1626 2244 1722 2316 sit
1762 2244 1889 2316 illa
1923 2241 2451 2316 demonstratio
2498 2267 2594 2318 τοῦ
2647 2260 2746 2319 ὅτι.

662 2359 859 2431 Nam
894 2357 1426 2431 demonstratio
1460 2377 1553 2427 τοῦ
1581 2368 1713 2429 διότι
1747 2370 1881 2444 est,
1905 2357 2198 2453 quando
2229 2357 2393 2452 quis
2427 2353 2754 2429 ostendit

658 2483 962 2568 propter
998 2493 1218 2566 quam
1253 2492 1547 2542 causam
1578 2470 1993 2568 subjectum
2021 2471 2244 2543 talem
2278 2469 2506 2542 habet
2531 2470 2750 2541 affec-

664 2584 965 2657 tionem.
1070 2585 1332 2680 Itaque
1381 2584 1729 2680 quoniam
1784 2584 2313 2658 demonstratio
2356 2582 2596 2656 omnis
2641 2592 2754 2655 est

662 2695 1088 2786 scientifica,
1125 2707 1200 2769 et
1235 2697 1422 2770 scire
1455 2697 1679 2770 talem
1741 2720 1898 2770 esse
1939 2696 2016 2769 in
2064 2697 2396 2792 subjecto
2431 2696 2749 2767 affectio-

664 2832 834 2882 nem
869 2819 980 2882 est
1012 2834 1059 2883 a
1105 2810 1525 2904 cognitione
1580 2833 1820 2883 causae
1875 2833 2067 2905 quae·
2089 2809 2289 2882 illam
2339 2808 2750 2881 necessario

665 2921 1029 3019 producit,
1086 2923 1290 2997 nulla
1340 2934 1589 3019 potest
1644 2947 1802 2996 esse
1859 2922 2388 2995 demonstratio
2449 2935 2750 3017 praeter-

668 3060 889 3133 quam
925 3057 1021 3107 τοῦ
1049 3048 1204 3109 διότι.
1312 3037 1543 3111 Recte
1579 3060 1756 3133 ergo
1791 3035 1994 3123 dicit,
2029 3035 2254 3124 illam,
2284 3058 2450 3131 quae
2484 3033 2753 3107 dicitur

665 3168 763 3218 τοῦ
805 3162 905 3231 ὅτι,
950 3172 1101 3220 non
1136 3174 1292 3223 esse
1328 3170 1520 3240 κυρίως
1556 3150 2278 3238 demonstrationem,
2315 3147 2394 3221 id
2430 3160 2566 3236 est,
2604 3172 2752 3221 non

668 3261 965 3334 omnino
992 3262 1721 3338 demonstrationem.
1792 3263 1987 3336 Nam
2009 3263 2086 3335 in
2109 3285 2443 3335 sermone
2468 3262 2751 3335 mathe-

666 3374 1130 3465 maticorum,
1158 3400 1300 3448 noa
1325 3400 1491 3449 esse
1517 3390 1595 3450 et
1614 3401 1753 3449 non
1774 3376 2103 3474 proprie
2127 3399 2312 3464 esse,
2335 3373 2531 3448 idem
2558 3385 2754 3448 sunt.

772 3485 868 3559 B.
924 3488 1416 3562 Ratiocinatio
1465 3514 1631 3586 quae
1682 3489 2037 3585 incipiens
2072 3513 2118 3561 a
2148 3487 2340 3561 veris
2372 3488 2760 3584 principiis

670 3600 1207 3674 conclusionem
1266 3615 1467 3675 recte
1518 3602 1768 3690 infert,
1821 3602 2114 3698 proprie
2150 3600 2421 3673 dicitur
2453 3600 2760 3676 demon-

669 3712 952 3785 stratio,
1056 3714 1316 3811 Neque
1386 3715 1607 3788 credo
1669 3715 2139 3788 Aristotelem
2202 3713 2753 3789 demonstratio-

670 3849 838 3899 nem
898 3850 1199 3901 vocasse
1263 3852 1358 3901 ne
1427 3828 1721 3924 quidem
1807 3849 1900 3900 τοῦ
1964 3841 2046 3898 ὅτι
2115 3827 2755 3901 ratiocinationem

671 3938 896 4012 ullam
957 3939 1032 4011 in
1094 3964 1241 4036 qua
1301 3952 1495 4013 esset
1557 3939 2112 4037 paralogismus,
2241 3941 2757 4014 Necessarium

672 4076 851 4149 ergo
887 4066 999 4126 est
1030 4065 1118 4125 ut
1164 4054 1610 4127 intellexerit
1655 4052 2291 4127 ratiocinationem
2349 4077 2516 4150 quae
2574 4056 2758 4128 inci-

671 4166 805 4261 pit,
839 4188 989 4238 non
1025 4189 1070 4237 a
1103 4163 1673 4253 definitionibuS,
1729 4164 1858 4239 sed
1895 4191 1941 4239 a
1967 4166 2385 4262 suppositis,
2422 4167 2757 4262 qualibus

672 4290 981 4352 utuntur
1033 4278 1346 4377 phycici,
1410 4281 1840 4377 plerumque
1910 4280 2235 4353 incertiS.
2340 4280 2512 4353 Non
2579 4305 2758 4380 ergo

675 4390 1085 4466 debuerunt
1117 4394 1556 4489 interpretes
1586 4395 1742 4490 ejus
1770 4394 2474 4467 demonstrationem
2502 4417 2599 4466 rofi
2622 4407 2757 4466 διότι
