3094 5125
328 717 499 757 PROP.
529 716 591 758 X·

318 786 604 823 Q--f-—ae

691 510 834 577 502
1342 523 1706 578 cunm-10
1748 524 2133 576 SPHAERAE.

688 691 945 765 eadem
983 692 1243 789 quinta
1272 706 1484 789 parte
1519 717 1734 767 arcus
1757 693 1885 767 ΒΟ
1913 721 1932 766 ε
1972 691 2312 789 denique,
2339 688 2843 788 quadratum

688 829 735 878 a
768 805 893 879 CG
928 806 1024 879 ad
1059 805 1504 903 quadratum
1538 808 1633 880 ab
1667 808 1812 883 ΥΩ
1844 830 2000 880 esse
2033 818 2119 880 ut
2164 814 2253 880 10
2288 804 2383 878 ad
2423 813 2516 879 8.

789 920 1309 993 Examinemus
1371 921 1530 995 haec
1579 922 1736 1016 jam
1797 944 1931 1017 per
1988 919 2358 1017 Regulam
2418 918 2844 991 Auream.

688 1033 1231 1129 Multiplicetur
1267 1041 1312 1105 8
1368 1033 1445 1106 ἰῑι
1499 1057 1603 1123 se,
1638 1034 1880 1106 faetus
1941 1032 2085 1104 erit
2135 1039 2275 1106 64:
2326 1031 2459 1128 qui
2530 1030 2847 1103 divisus

688 1171 822 1243 per
892 1155 1002 1235 10,
1057 1146 1237 1220 facit
1292 1147 1747 1242 quotientem
1802 1143 1931 1237 δὲ-
1974 1169 2110 1243 pro
2171 1145 2566 1241 quadrato
2617 1167 2672 1216 a
2712 1143 2849 1215 Ze.

694 1259 841 1332 Sed
897 1259 1337 1355 quadratum
1390 1285 1436 1333 a
1489 1262 1590 1332 Zc
1644 1271 1758 1333 est
1811 1271 2075 1355 quarta
2123 1282 2294 1355 pars
2345 1256 2750 1353 quadrati
2803 1278 2852 1326 a

692 1385 855 1445 toto
892 1396 1069 1445 arcu
1105 1373 1254 1461 BC,
1303 1373 1457 1446 sive
1510 1385 1775 1468 quarta
1831 1395 2003 1469 pars
2038 1380 2134 1445 25
2173 1370 2765 1468 quadratorum
2802 1391 2853 1438 a

694 1486 952 1582 quinta
984 1499 1193 1582 parte
1229 1510 1440 1559 arcus
1477 1486 1647 1571 BC;
1702 1497 1779 1560 et
1816 1484 2126 1583 proinde
2163 1485 2306 1558 erit
2337 1484 2430 1564 δὲ
2468 1503 2849 1581 quorum

694 1598 823 1672 GC
881 1599 1322 1694 quadratum
1381 1610 1495 1673 est
1558 1608 1670 1674 10.
1801 1605 2053 1679 Quare
2098 1596 2205 1692 δὲ
2242 1612 2319 1671 et
2364 1598 2456 1678 δὲ
2523 1596 2848 1670 debent

696 1735 853 1785 esse
889 1713 1230 1809 aequaleS,
1264 1737 1402 1787 nec
1438 1726 1636 1787 sunt.
1739 1713 2114 1786 Differunt
2150 1712 2347 1785 enim
2383 1712 2461 1784 in
2495 1710 2846 1783 ratione

701 1821 763 1917 Ξ·
795 1827 890 1899 ad
922 1823 1022 1918 —}‚
1059 1824 1137 1899 id
1171 1838 1284 1900 est
1317 1838 1402 1900 ut
1437 1835 1483 1900 8
1520 1839 1597 1900 et
1635 1836 1703 1910 5,
1738 1827 1856 1899 vel
1903 1834 1987 1899 16
2024 1837 2102 1899 et
2147 1834 2260 1899 10.

797 1942 1101 2031 RursuS,
1139 1938 1581 2037 quadratum
1616 1965 1662 2014 a
1695 1938 1797 2013 Ze
1829 1938 2107 2035 aequale
2137 1950 2252 2012 est
2297 1945 2383 2013 10
2405 1932 2838 2033 quadratis

696 2077 742 2125 a
794 2063 1056 2150 quarta
1120 2065 1331 2149 parte
1381 2052 1634 2126 lateris
1690 2052 1838 2140 CG,
1895 2063 1972 2124 et
2026 2050 2469 2147 quadratum
2524 2049 2642 2122 ab
2702 2043 2834 2119 hL

696 2165 972 2261 aequale
1009 2177 1123 2240 est
1158 2174 1204 2239 8
1240 2166 1618 2262 quadratis
1652 2166 1747 2239 ab
1781 2164 2038 2238 eadem
2093 2176 2358 2263 quarta
2409 2176 2642 2259 parte
2713 2161 2831 2233 la-

696 2279 875 2351 teris
925 2278 1072 2352 CG.
1182 2279 1429 2353 Quare
1475 2278 1913 2375 quadratum
1978 2277 2072 2350 ab
2131 2276 2220 2349 eb
2273 2277 2579 2350 deberet
2646 2295 2828 2346 esse

698 2391 977 2488 aequale
1003 2387 1142 2483 '6-1—
1186 2393 1566 2489 quadratis
1624 2417 1670 2466 a
1732 2402 1996 2487 quarta
2054 2401 2265 2486 parte
2323 2390 2578 2463 lateris
2653 2386 2820 2461 CG.

701 2505 848 2579 Sed
882 2504 1321 2603 quadratum
1357 2506 1449 2578 ab
1486 2503 1577 2578 eb
1613 2504 1764 2578 sive
1800 2505 1909 2578 Ae
1942 2516 2317 2576 ostensum
2352 2513 2466 2576 est
2506 2500 2820 2600 aequale

700 2627 788 2712 δὲ
848 2618 1221 2714 quadratis
1276 2642 1321 2690 a
1380 2629 1644 2712 quarta
1702 2628 1911 2713 parte
1962 2615 2213 2688 lateris
2277 2615 2424 2688 CG.
2529 2616 2816 2711 Itaque

698 2733 969 2805 iterum
1004 2731 1368 2827 reperitur
1404 2731 1760 2804 dissensio
1803 2731 2058 2804 similis
2096 2730 2387 2826 prioris,

801 2844 1106 2933 RurSUS,
1133 2843 1304 2939 quia
1337 2843 1778 2940 quadratum
1813 2868 1858 2917 a
1888 2843 2013 2916 CG
2037 2843 2316 2939 aequale
2353 2855 2468 2917 est
2506 2851 2593 2916 10
2618 2865 2812 2939 qua·

703 2956 933 3030 dratis
968 2981 1012 3030 a
1048 2956 1306 3052 quinta
1352 2968 1562 3053 parte
1609 2982 1822 3031 arcus
1857 2958 2006 3046 ΒΟ,
2044 2956 2481 3052 quadratum
2519 2957 2612 3030 ab
2650 2952 2807 3036 hL,

704 3069 902 3166 quod
962 3081 1075 3143 est
1124 3069 1508 3143 dimidium
1570 3070 1912 3166 quadrati
1956 3094 2001 3142 a
2047 3069 2196 3157 CG,
2233 3070 2377 3141 erit
2429 3069 2718 3166 aequale
2758 3076 2804 3137 5

703 3184 1081 3280 quadratis
1116 3185 1208 3277 ab
1256 3183 1513 3258 eadem
1563 3185 1824 3280 quinta
1877 3198 2087 3280 parte
2135 3206 2347 3255 arcus
2384 3182 2538 3255 ΒΟ.
2645 3178 2806 3254 Sed

705 3297 1145 3393 quadratum
1180 3298 1271 3371 ab
1304 3297 1393 3369 eb
1425 3311 1803 3371 ostensum
1855 3308 1970 3369 est
2014 3295 2288 3391 aequale
2334 3320 2494 3369 esse
2532 3304 2574 3368 4
2613 3318 2799 3393 qua-

706 3412 934 3485 dratis
971 3412 1064 3485 ab
1100 3412 1359 3484 eadem
1395 3413 1655 3507 quinta
1686 3423 1898 3509 parte
1934 3434 2148 3483 arcus
2186 3409 2342 3484 ΒΟ.
2445 3410 2579 3482 Est
2612 3430 2800 3504 ergo

704 3525 1145 3622 quadratum
1200 3526 1292 3598 ab
1326 3524 1441 3597 hl,
1480 3525 1578 3598 ad
1629 3525 2069 3621 quadratum
2122 3524 2214 3597 ab
2263 3522 2351 3596 eb
2383 3535 2467 3597 ut
2504 3533 2546 3597 5
2586 3523 2685 3596 ad
2720 3524 2795 3594 4.

707 3640 868 3712 Fiat
911 3640 1091 3734 jam,
1139 3639 1354 3733 juxta
1392 3638 1763 3736 Regulam
1801 3639 2156 3726 Auream,
2192 3649 2277 3710 ut
2316 3647 2357 3710 5
2396 3635 2495 3710 ad
2526 3645 2570 3710 4
2608 3637 2714 3710 ita
2744 3646 2791 3707 4

705 3754 803 3826 ad
823 3760 1117 3826 tertiam
1141 3783 1159 3835 ;
1198 3751 1479 3848 eritque
1514 3751 1642 3825 illa
1665 3751 1887 3825 tertia
1914 3752 1996 3829 3}
2029 3774 2164 3846 pro
2188 3750 2549 3848 quadrato
2572 3761 2794 3823 rectae

704 3893 845 3940 mn.
952 3867 1322 3941 Quoniam
1382 3875 1633 3938 autem
1691 3878 1898 3937 reeta
1932 3864 2092 3954 AO,
2137 3863 2255 3936 vel
2308 3865 2442 3953 Ac,
2500 3875 2794 3937 ostensa

708 3991 820 4054 est
886 3979 1130 4052 media
1183 3977 1755 4075 proportionalis
1803 3978 2000 4050 inter
2065 4000 2320 4051 arcum
2357 3975 2482 4050 ΒΟ
2522 3987 2598 4049 et
2632 3977 2792 4072 ejus

709 4094 1079 4166 semissem
1113 4122 1132 4175 ;
1186 4092 1327 4165 erit
1361 4114 1653 4186 quoque
1687 4114 1827 4180 mn,
1864 4115 2028 4187 quae
2069 4102 2181 4164 est
2214 4090 2532 4164 semissis
2567 4102 2791 4163 rectae

709 4206 872 4297 AO,
909 4206 1152 4279 media
1202 4203 1776 4302 proportionalis
1821 4206 2018 4278 inter
2059 4228 2311 4278 arcum
2361 4202 2791 4300 quadrantis

711 4319 1058 4416 descripti
1109 4319 1202 4393 ab
1237 4318 1355 4391 Ah
1389 4331 1465 4393 et
1518 4318 1894 4394 semissem
1949 4319 2132 4413 ejus,
2169 4319 2246 4395 id
2290 4330 2427 4408 est,
2463 4317 2660 4392 inter
2692 4317 2792 4391 Zc
