3094 5125
687 481 788 547 60
1125 493 1667 549 EXAMINATIO
1708 497 1812 550 m·
1850 498 2352 551 EMENDA‘no

310 687 611 729 minuens
783 663 882 737 A.
934 663 1320 760 Tempora,
1383 674 1651 753 motuS‚
1712 665 2041 760 pondera
2100 666 2409 763 aequalia
2465 666 2796 738 seorsim

317 837 331 855 .
431 769 496 809 ¹¹·
587 838 601 855 .
684 776 1100 849 definienda
1134 787 1306 849 sunt
1336 801 1429 849 ea
1463 800 1631 850 esse
1665 801 1971 874 quorum
2007 803 2389 869 men-sune,
2424 779 2590 852 sive
2625 803 2802 851 cor-

667 912 878 986 pora
912 889 1162 987 quibus
1195 900 1741 980 mensurantur,
1776 891 2097 989 ‹equale-s
2125 902 2319 967 sunt.

779 1001 879 1076 B.
932 1002 1283 1076 Nondum
1311 1003 1662 1076 definiisti
1696 1004 1873 1100 quid
1909 1005 2006 1077 sit
2038 1016 2277 1097 ἀκριβῶς
2309 1005 2508 1079 linea
2538 1016 2796 1079 recta.

784 1116 882 1190 Α.
934 1115 1175 1189 Recta
1222 1115 1423 1190 linea
1474 1141 1566 1190 ea
1614 1126 1751 1207 est,
1801 1144 1959 1215 quae
1992 1143 2146 1216 per
2182 1127 2407 1191 totam
2449 1120 2655 1192 viam
2690 1116 2798 1191 ab

682 1253 823 1301 uno
859 1231 1169 1303 termino
1202 1230 1310 1303 ad
1337 1228 1653 1304 alterum
1686 1232 2068 1329 aequaliter
2099 1231 2338 1306 distat
2378 1257 2429 1306 a
2462 1233 2794 1332 quibus-

680 1339 861 1415 tibet
894 1342 1132 1434 lineis,
1175 1342 1532 1417 similibus
1568 1354 1643 1417 et
1678 1344 2085 1442 cequalibus
2120 1346 2322 1419 inter
2353 1369 2461 1435 se,
2505 1357 2580 1421 et
2615 1370 2795 1420 eos-

682 1454 845 1528 dem
878 1455 1308 1530 habentibus
1342 1457 1718 1531 terminos.

786 1568 883 1642 B.
939 1568 1305 1664 Intelligo.
1432 1568 1556 1642 Sic
1615 1571 1769 1643 axis
1828 1582 2043 1645 terrae
2103 1572 2300 1646 linea
2361 1583 2476 1647 est
2540 1584 2786 1662 recta,

680 1695 1074 1779 propterea
1108 1681 1304 1779 quod
1349 1683 1729 1779 aequaliter
1784 1684 2010 1758 distat
2049 1709 2182 1782 per
2218 1699 2456 1761 totam
2490 1686 2695 1760 viam
2730 1708 2782 1757 a

682 1796 1291 1870 circumferentiis
1326 1795 1642 1870 duorum
1675 1797 2088 1893 pluriumve
2133 1799 2577 1873 circulorum
2609 1821 2779 1872 me·-

681 1910 1158 1984 ridianorum.

784 2025 881 2097 A.
938 2023 1085 2097 Sed
1118 2048 1356 2122 neque
1391 2024 1722 2098 definitio
1770 2024 1931 2098 haec
1970 2025 2285 2121 intelligi
2316 2037 2588 2123 potest,
2623 2024 2772 2099 nisi

680 2138 774 2211 ab
808 2138 897 2212 iis
932 2139 1059 2236 qui
1093 2138 1517 2234 intelligunt
1540 2161 1878 2234 quaenam
1910 2138 2125 2211 lineae
2160 2138 2432 2212 similes
2465 2140 2585 2212 vel
2617 2139 2770 2212 dis-

682 2252 950 2324 similes
1006 2250 1335 2324 dicendae
1392 2261 1589 2324 sunt.
1692 2250 1951 2346 Itaque
2007 2251 2413 2325 rectissime
2470 2253 2771 2327 fecisset

680 2361 1046 2451 EuclideS,
1084 2363 1146 2435 si
1178 2362 1447 2434 lineam
1484 2385 1780 2434 curvam
1815 2362 2020 2459 prius
2055 2362 2451 2438 definisset.

785 2474 882 2548 B.
939 2472 1140 2549 Quid
1174 2484 1285 2548 est
1317 2472 1510 2545 linea
1544 2474 1822 2547 curva?

782 2588 879 2660 A.
933 2588 1179 2660 Linea
1212 2611 1438 2660 curva
1472 2597 1587 2660 est
1620 2590 1829 2685 cujus
1864 2588 2178 2680 termini,
2220 2589 2438 2662 salva
2471 2591 2770 2689 quanti-⁶

682 2710 861 2790 tate,
901 2700 1157 2774 diduci
1176 2709 1522 2797 possunt.

784 2813 881 2888 B.
936 2815 1129 2887 Nam
1163 2813 1289 2909 qui
1321 2812 1596 2909 aliquid
1630 2836 1938 2886 curvum
1969 2813 2172 2903 facit,
2225 2814 2342 2888 vel
2395 2839 2490 2888 ex
2538 2839 2759 2889 curvo

677 2928 911 3025 magis
945 2950 1273 3017 curvum,
1300 2926 1653 3000 terminos
1690 2929 1847 3023 ejus
1877 2927 2202 3002 adducit.
2294 2928 2340 3002 J
2344 2952 2465 3002 am
2491 2929 2759 3003 lineam

678 3055 954 3116 rectam
1010 3051 1306 3138 egomet
1359 3040 1701 3114 definiam
1754 3065 1915 3114 eam
1967 3066 2155 3131 esse,
2209 3043 2417 3136 cujus
2469 3042 2760 3116 termini

679 3156 937 3230 diduci
970 3181 1110 3230 non
1129 3163 1473 3254 possunt.
1578 3155 1927 3228 Definitio
1968 3154 2225 3251 quinta
2262 3165 2397 3244 est,
2448 3159 2761 3254 superfi-

677 3269 832 3342 cies
880 3279 998 3343 est
1044 3294 1210 3367 quae
1256 3267 1792 3365 longitudinem
1831 3265 2448 3366 latitudinemque
2480 3279 2763 3343 tantum

676 3381 923 3457 habet.

780 3495 877 3568 A.
983 3495 1192 3568 Bona
1225 3503 1360 3567 est.
1466 3492 1715 3581 Sexta,
1770 3492 2197 3591 superficiei
2251 3493 2553 3567 termini
2596 3503 2764 3568 sunt

675 3605 917 3699 linece,
968 3608 1222 3684 similis
1268 3618 1382 3680 est
1431 3607 1696 3694 tertiae,
1749 3629 1888 3679 nec
1923 3605 2277 3696 definitio,
2334 3607 2466 3680 sed
2497 3630 2762 3704 propo-

673 3721 871 3811 sitio,
907 3746 1051 3819 qua
1084 3721 1538 3818 significatur
1563 3720 1793 3792 lineas
1820 3742 1971 3792 non
2005 3742 2165 3793 esse
2194 3720 2761 3794 considerandas

674 3848 763 3909 ut
823 3848 1031 3910 extra
1090 3835 1552 3932 superficiem
1613 3834 2069 3923 terminatas,
2133 3833 2264 3906 sed
2319 3833 2396 3907 in
2442 3833 2627 3929 ipsa,
2677 3844 2762 3907 ut

673 3960 955 4047 puncta
984 3950 1062 4021 in
1097 3950 1292 4022 linea
1325 3971 1544 4044 quam
1579 3946 2000 4020 terminant.

779 4064 877 4138 B.
934 4063 1134 4139 Quid
1181 4074 1295 4136 est
1335 4061 1756 4157 superficies
1789 4059 2064 4156 plana?
2168 4059 2364 4132 Nam
2400 4057 2758 4148 definitio,

674 4202 837 4274 quae
883 4177 1199 4251 traditur
1236 4176 1328 4248 ab
1363 4173 1691 4260 Euclide,
1743 4172 2001 4247 eodem
2047 4172 2334 4245 laborat
2381 4171 2563 4244 vitio
2613 4195 2758 4267 quo

673 4303 957 4387 quarta.
1043 4288 1235 4364 Illud
1260 4287 1479 4376 enim,
1506 4312 1602 4360 ex
1629 4310 1837 4383 oequo
1861 4309 2038 4358 suas
2067 4285 2462 4380 interjacet
2487 4282 2754 4373 lineus,

672 4428 822 4478 non
858 4415 969 4480 est
1002 4401 1485 4499 intelligibile.
1590 4400 1834 4475 Defini
1880 4423 2058 4496 ergo
2105 4397 2565 4495 superficiem
2596 4396 2750 4494 pla-

674 4540 841 4590 nam
850 4572 866 4590 .
