3094 5125
927 476 1482 529 PRoBLEMA'rA
1520 475 1905 529 ansmA.
2312 460 2450 527 321

381 655 701 733 suctore,
735 653 1023 717 tantum
1050 643 1552 739 impelleretur
1585 643 1775 716 aeris
1803 651 2159 739 quantum
2183 641 2459 715 viribus

381 758 521 831 illis
555 757 1005 847 conveniret,
1041 757 1301 854 quibus
1335 781 1462 830 aer
1494 768 1797 854 propter
1832 756 2147 830 suctoris
2181 767 2459 829 retrac-

379 872 660 944 tionem
727 860 1192 968 reprimitur:
1266 870 1489 966 idque
1550 870 1707 943 sine
1768 869 1967 944 omni
2030 868 2460 943 difficultate

381 985 727 1058 sensibili.
831 986 1131 1060 Quanto
1179 995 1423 1057 autem
1468 983 1950 1057 interstitium
1994 984 2175 1057 illud
2221 985 2460 1058 minus

381 1109 595 1187 esset,
634 1109 842 1171 tanto
878 1096 1389 1194 ingrederetur
1421 1121 1550 1171 aer
1580 1098 1926 1171 velocius,
2019 1097 2156 1170 Vel
2191 1097 2252 1170 si
2286 1122 2462 1171 con-

380 1222 623 1285 tactus
659 1211 777 1300 sit,
814 1209 943 1284 sed
978 1234 1129 1284 non
1161 1234 1294 1307 per
1346 1211 1596 1285 omnia
1642 1222 1941 1308 puncta,
1997 1210 2220 1284 etiam
2280 1223 2459 1286 tunc

380 1326 684 1399 intrabit
745 1349 893 1415 aer,
963 1323 1184 1397 modo
1245 1336 1495 1398 suctor
1549 1326 1827 1420 majore
1884 1325 1957 1396 vi
2019 1325 2458 1398 retrahatur.

381 1441 761 1513 Postremo
799 1438 937 1512 etsi
971 1450 1355 1514 contactus
1387 1439 1660 1535 ubique
1696 1437 2199 1512 exactissimus
2236 1438 2351 1527 sit,
2388 1438 2462 1509 vi

377 1565 625 1626 tamen
654 1553 828 1627 satis
856 1564 1072 1627 aucta
1091 1577 1223 1651 per
1249 1554 1624 1627 cochleam
1644 1553 1958 1626 ferream
1984 1563 2141 1625 tum
2179 1552 2459 1625 corium

379 1667 617 1758 cedet,
653 1680 814 1740 tum
848 1668 1087 1764 ipsum
1113 1692 1256 1742 aes:
1310 1677 1532 1765 atque
1558 1667 1662 1740 ita
1691 1690 1979 1764 quoque
2006 1665 2461 1762 ingredietur

379 1804 525 1853 aer.
631 1779 921 1856 Credin'
962 1794 1045 1854 tu
1077 1781 1420 1877 possibile
1455 1804 1612 1854 esse
1660 1780 1844 1853 duas
1891 1780 2308 1877 superficies
2354 1779 2460 1852 ita

380 1905 634 1966 exacte
671 1917 1136 1990 componere,
1172 1904 1258 1967 ut
1294 1893 1427 1966 has
1477 1893 1922 1990 compositas
1983 1916 2141 1966 esse
2188 1916 2458 1989 suppo-

380 2018 570 2079 nunt
597 2006 745 2079 illi:
799 2017 928 2079 aut
965 2007 1247 2080 corium
1291 2006 1398 2079 ita
1441 2006 1707 2079 durum
1757 2030 1913 2079 esse
1962 2017 2047 2080 ut
2096 2007 2273 2095 aeri,
2332 2006 2458 2102 qui

382 2120 701 2193 cochleae
730 2143 869 2216 ope
895 2120 1275 2210 incutitur,
1307 2110 1815 2193 nihilomnino
1845 2116 2107 2193 cedat?
2161 2119 2458 2193 Corium

381 2258 792 2331 quanquam
834 2234 1190 2330 optimum
1236 2233 1565 2306 admittit
1609 2257 1902 2330 aquam,
1947 2245 2032 2307 ut
2086 2233 2241 2329 ipse
2291 2234 2458 2322 sciS‚

381 2348 441 2420 si
474 2347 668 2421 forte
693 2346 933 2420 fecisti
961 2371 1285 2443 unquam
1319 2347 1459 2420 iter
1486 2358 1708 2420 vento
1737 2359 1813 2420 et
1836 2347 2083 2443 pluvia
2114 2360 2343 2437 ὑόμενος
2369 2362 2461 2417 καὶ

380 2475 635 2551 ἀήμενος.
737 2460 996 2557 Itaque
1033 2460 1369 2534 dubitare
1421 2485 1570 2534 non
1618 2472 1827 2557 potes
1872 2461 2048 2556 quin
2094 2471 2461 2533 retractus

382 2585 633 2647 suctor
666 2586 953 2647 tantum
979 2575 1169 2648 aeris
1190 2576 1269 2648 in
1292 2576 1727 2672 cylindrum,
1751 2575 2076 2671 adeoque
2112 2575 2187 2646 in
2224 2574 2462 2671 ipsum

382 2686 742 2783 recipiens
778 2689 1107 2777 incutiat,
1141 2700 1496 2784 quantum
1531 2688 1801 2762 sufficit
1840 2688 1936 2762 ad
1981 2689 2224 2761 locum
2274 2712 2465 2761 sem-

382 2822 515 2894 per
559 2799 896 2872 relictum
948 2800 1269 2894 perfecte
1321 2800 1797 2896 implendum.
1900 2802 2225 2874 Effectus
2287 2825 2465 2897 ergo

383 2911 508 3007 qui
537 2911 772 2984 oritur
796 2935 842 2984 a
867 2913 1310 2985 retractione
1338 2913 1673 3002 suctoriS‚
1698 2914 1883 2988 alius
1915 2938 2067 2988 non
2102 2926 2214 2988 est
2246 2939 2468 3012 quam

380 3038 689 3098 ventus:
740 3035 1025 3114 ventuS‚
1064 3025 1387 3120 inquam,
1424 3026 2130 3116 vehementissimu3‚
2174 3029 2300 3124 qui
2355 3029 2468 3101 in-

380 3139 718 3235 greditur
785 3139 1270 3237 undequaque
1346 3139 1540 3212 inter
1607 3141 1920 3213 suctoris
2004 3143 2467 3238 superficiem

382 3277 782 3327 convexam
820 3267 897 3328 et
930 3253 1243 3350 cylindri
1277 3253 1461 3326 aenei
1507 3277 1931 3343 concavam,
1965 3256 2465 3353 proceditque,

383 3392 597 3442 versa
645 3368 1024 3458 clavicula,
1060 3368 1139 3441 in
1193 3367 1589 3441 cavitatem
1643 3367 1846 3464 globi
1892 3369 2131 3459 vitrei,
2169 3369 2345 3460 sive,
2381 3382 2469 3443 ut

382 3494 713 3571 vocatur,
748 3481 1201 3582 recipienti-9.

481 3592 575 3666 A.
631 3595 941 3669 Causam
974 3595 1189 3668 video
1224 3618 1423 3667 nunc
1459 3594 1676 3667 unius
1713 3617 1805 3667 ex
1844 3595 2201 3669 machinae
2243 3596 2466 3669 mira-

384 3705 672 3798 bilibus,
708 3708 1079 3797 nimirum,
1127 3733 1258 3781 cur
1303 3719 1552 3781 suctor
1594 3720 1979 3804 postquam
2039 3718 2147 3782 est
2189 3708 2466 3802 aliqua-

387 3829 599 3892 tenus
634 3831 992 3895 retractus
1033 3835 1109 3894 et
1158 3821 1422 3895 deinde
1468 3822 1803 3912 amissuS,
1861 3822 2101 3895 subito
2154 3820 2467 3895 recurrit

387 3931 484 4004 ad
519 3932 828 4028 cylindri
862 3936 1379 4009 summitatem.
1483 3935 1676 4008 Nam
1729 3959 1878 4024 aer,
1917 3934 2040 4032 qui
2074 3934 2148 4006 vi
2197 3958 2468 4030 magna

386 4045 739 4142 impulsus
772 4046 1036 4138 fuerat,
1077 4073 1327 4123 rursus
1380 4073 1510 4144 per
1557 4049 2178 4146 repercussionem
2211 4047 2307 4119 ad
2342 4070 2468 4119 ex-

387 4169 601 4233 terna
634 4159 706 4230 vi
739 4160 994 4232 eadem
1028 4162 1446 4235 revertitur.

488 4272 587 4344 B.
643 4272 885 4368 Atque
919 4274 1059 4346 hoc
1096 4275 1391 4370 quidem
1426 4276 1841 4371 argumenti
1884 4273 2062 4347 satis
2096 4284 2210 4345 est
2244 4274 2469 4347 etiam

385 4385 648 4473 solum,
675 4384 873 4480 quod
896 4386 1102 4460 locus
1129 4412 1175 4461 a
1203 4399 1496 4461 suctore
1524 4387 1824 4461 relictus
1852 4410 1999 4461 non
2030 4396 2141 4459 est
2166 4408 2466 4464 vacuus,

586 4520 773 4571 vol..
806 4520 919 4572 1v.
2212 4522 2267 4577 Y

2552 669 2687 710 CAP.
2718 670 2807 710 111.

2540 738 2826 773 κ--Ὺῄκ

2565 795 2634 839 De
2653 808 2805 839 vacuo.
