3094 5125
506 363 649 442 274
1158 382 1265 432 DE
1309 382 1648 436 NATURA
1687 383 1959 436 Annis,

507 571 679 620 nam
719 548 1068 637 Hobbii,”
1107 549 1487 646 inquiebat
1547 551 1869 624 Owenus
1920 547 2604 623 vice-cancellarius

510 660 802 747 Oxonii,
840 666 1365 758 “quascunque
1408 686 1496 735 ea
1549 663 1645 736 sit
1701 687 1850 737 non
1909 663 2340 758 recipiemus
2364 660 2467 752 ”):
2526 671 2605 732 et

509 773 709 869 quod
741 774 1156 870 paucissimi
1192 787 1364 848 sunt
1399 800 1651 849 eorum
1689 776 1814 872 qui
1850 777 2194 849 scientias
2248 775 2604 870 profiten-

510 900 657 972 tur,
694 888 819 982 qui
853 887 1205 961 veritates
1254 889 1584 961 difficiles
1627 889 1719 962 ab
1764 889 1924 962 aliis
1975 913 2191 986 quam
2250 912 2295 960 a
2352 911 2430 959 se
2491 887 2606 958 in-

509 1011 766 1073 ventas
802 1024 960 1073 esse
995 1025 1145 1074 non
1185 1001 1507 1075 doleant.
1616 1002 1764 1075 Sed
1798 1003 2022 1075 missa
2041 1003 2201 1075 haec
2223 1001 2601 1087 facienteS,

510 1137 902 1209 pergamus
951 1114 1045 1187 ad
1099 1115 1587 1210 phaenomena
1638 1116 1944 1211 physica
1977 1139 2288 1211 quorum
2343 1135 2604 1186 causas

513 1251 663 1299 non
701 1251 746 1299 a
778 1227 1117 1299 machina
1167 1228 1333 1317 ista,
1372 1228 1501 1301 sed
1537 1228 1833 1301 aliunde
1882 1229 2228 1302 didicitis.
2333 1225 2606 1321 Imagi-

512 1363 692 1413 nare
740 1340 1100 1434 sphaeram
1166 1340 1497 1431 vitream,
1553 1366 1832 1430 cavam,
1890 1366 1932 1414 e
1993 1366 2142 1436 qua
2192 1338 2604 1438 promineat

515 1452 808 1541 collum,
836 1452 1018 1525 illud
1052 1476 1345 1549 quoque
1381 1477 1665 1528 cavum.
1770 1455 1909 1527 Per
1943 1455 2214 1528 collum
2251 1451 2604 1526 immitta-

513 1576 637 1638 tur
662 1564 910 1639 fistula
942 1589 1168 1655 aenea,
1207 1588 1371 1660 quae
1412 1566 1776 1639 transiens
1823 1591 1956 1662 per
1999 1578 2336 1640 centrum
2381 1566 2608 1660 perti—

515 1691 693 1752 neat
725 1677 879 1752 fere
914 1677 1009 1751 ad
1036 1678 1368 1753 fundum.
1475 1680 1588 1754 Sit
1621 1694 1870 1754 autem
1905 1679 2382 1754 interstitium
2410 1678 2604 1751 inter

517 1792 787 1866 collum
824 1803 899 1866 et
948 1792 1347 1867 immissam
1393 1795 1715 1869 fistulam
1771 1794 1876 1868 ita
1922 1794 2273 1882 clausum,
2309 1803 2395 1864 ut
2450 1790 2605 1863 aeri

515 1907 847 2002 pervium
912 1929 1060 1979 non
1122 1906 1238 1980 sit.
1344 1907 1482 1980 Per
1540 1908 1862 1981 fistulam
1927 1906 2144 1981 simul
2199 1919 2278 1979 et
2332 1904 2604 1977 collum

515 2019 1063 2115 transadigatur
1098 2019 1477 2108 clavicula,
1515 2043 1662 2115 qua
1695 2020 1923 2117 possit
1961 2020 2314 2093 transitus
2350 2017 2502 2091 aeri
2530 2028 2606 2089 et

515 2155 730 2228 aquae
762 2131 879 2204 vel
915 2131 1074 2205 dari
1108 2130 1225 2205 vel
1269 2133 1554 2206 obstrui
1611 2133 1705 2206 ad
1759 2131 2075 2205 libitum.
2178 2130 2437 2205 Totius
2492 2131 2604 2202 in-

519 2245 911 2319 strumenti
947 2245 1260 2339 figuram
1292 2244 1541 2316 videre
1577 2256 1789 2339 potes
1825 2245 1920 2318 ad
1965 2245 2189 2317 finem
2237 2268 2397 2340 cap.
2434 2243 2606 2315 xxvi

518 2357 689 2430 libri
739 2356 1114 2429 Hobbiani
1173 2379 1281 2430 DE
1337 2376 1748 2433 CORPORE.
1853 2358 1939 2443 In
1993 2358 2353 2453 sphaeram
2412 2356 2606 2431 hanc

518 2470 830 2543 vitream
865 2469 925 2542 si
975 2493 1165 2566 aqua
1214 2493 1347 2566 per
1388 2471 1719 2543 ¹fistulam
1767 2470 2140 2567 injiciatur
2193 2493 2465 2566 magna
2505 2469 2605 2558 vi,

525 2582 643 2675 (ut
685 2583 774 2656 fit
824 2582 899 2654 in
938 2582 1435 2678 clysteribus),
1465 2605 1833 2680 operaque
1888 2594 2265 2681 repetatur
2322 2582 2608 2679 quoties

519 2695 757 2769 visum
794 2694 957 2784 erit,
992 2695 1266 2793 (potest
1318 2707 1566 2770 autem
1599 2697 1742 2780 hoc
1798 2697 2021 2771 modo
2077 2720 2267 2793 aqua
2320 2695 2609 2792 impleri

521 2809 813 2882 circiter
846 2809 1155 2906 spbaerae
1188 2810 1568 2904 dodrans),
1595 2809 1884 2900 deinde,
1912 2809 1973 2883 si
2008 2832 2223 2882 versa
2256 2807 2611 2882 clavicula

520 2921 760 2995 exitus
795 2923 1122 3019 patefiat,
1160 2946 1355 3018 aqua
1388 2923 1793 2996 ascendens
1828 2922 2181 3018 paulatim
2218 2921 2454 2994 omnis
2483 2922 2610 3018 eji-

520 3034 778 3109 cietur.
883 3035 1194 3109 Causam
1240 3036 1460 3132 hujus
1514 3035 1978 3132 phaenomeni
2035 3034 2372 3107 Hobbius
2416 3035 2610 3108 hanc

519 3148 869 3244 assignat.
971 3150 1146 3239 Aer,
1197 3174 1344 3246 quo
1380 3150 1472 3223 ab
1507 3149 1720 3222 initio
1757 3148 2048 3244 spbaera
2081 3146 2385 3244 plenus*
2424 3159 2607 3239 erat,

520 3286 569 3336 a
602 3263 1051 3358 corpusculis
1079 3263 1220 3337 illis
1257 3264 1514 3337 terreis
1552 3275 1793 3336 motus
1829 3272 2035 3335 motu
2070 3260 2409 3334 circulari
2442 3261 2611 3334 sim-

521 3373 712 3470 plice
749 3398 966 3470 quem
1019 3375 1237 3473 paulo
1273 3388 1447 3449 ante
1483 3373 2024 3471 descripsimuS,
2072 3373 2145 3445 vi
2194 3374 2611 3469 injectionis

526 3498 851 3577 coactuS,
887 3488 1331 3586 quiquidem
1367 3513 1594 3584 purus
1622 3501 1736 3561 est
1769 3488 1921 3561 exit
1959 3510 2224 3582 aquam
2261 3488 2610 3584 injectam

523 3612 918 3698 penetrans
953 3602 1030 3674 in
1078 3626 1322 3675 aerem
1357 3603 1875 3690 extrinsecum,
1911 3601 2153 3675 locum
2191 3601 2611 3697 relinquens

524 3738 759 3810 aquae.
832 3714 1175 3810 Sequitur
1208 3738 1411 3810 erg0,
1435 3714 1885 3810 corpusculis
1907 3714 2051 3786 illis
2081 3713 2343 3787 terreis
2367 3714 2609 3790 minus

524 3827 841 3925 relinqui
875 3827 1041 3916 loci,
1094 3827 1169 3900 in
1206 3851 1354 3923 quo
1389 3838 1674 3900 motum
1709 3851 1919 3901 suum
1959 3826 2370 3912 naturalem
2405 3851 2611 3900 exer·

526 3964 695 4014 cere
763 3940 1067 4038 possint.
1182 3940 1439 4034 Itaque
1508 3940 1585 4012 in
1655 3963 1731 4012 se
1792 3949 2050 4012 mutuo
2119 3939 2610 4037 impingentes

525 4079 789 4150 aquam
843 4064 1110 4151 urgent
1144 4052 1239 4126 ad
1288 4076 1710 4149 egressum:
1764 4052 2263 4148 egredientem
2313 4078 2441 4128 aer
2487 4079 2612 4129 ex-

1036 4303 1069 4340 *
1115 4299 1440 4372 “Plenusss’
1469 4300 1608 4359 edit.
1648 4303 1790 4360 1661
1826 4309 1886 4358 et
1920 4301 2089 4359 1668.
