3094 5125
665 482 803 550 118
1091 496 1633 550 nxAmNAmo
1671 496 1775 549 m*
1811 497 2308 550 ΕΜΕΝΒΑΤῙΟ

278 687 579 730 ιπΑιοοπε
755 664 856 738 Β.
912 663 1164 739 Socios
1199 665 1538 762 adjungit
1560 664 1856 738 Hobbio
1893 688 2044 738 non
2077 661 2461 761 ignobiles,

285 769 570 874 „L
759 777 856 852 A.
912 778 1060 852 Sed
1094 779 1271 876 quid
1294 779 1519 852 habet
1553 779 1710 875 ipse
1743 777 2115 851 Wallisius
2144 777 2236 851 de
2267 774 2741 874 quadratura

657 891 926 966 circuli
960 892 1039 965 in
1063 917 1197 966 sua
1231 890 1731 966 Arithmetica
1764 889 2251 985 Infinitorum.

754 1006 856 1079 Β.
906 1005 1045 1095 Tu,
1081 1006 1144 1078 si
1163 1005 1385 1093 voleS‚
1420 1003 1747 1088 videbis;
1798 1027 1971 1076 nam
1999 1003 2302 1076 afferam
2336 1000 2474 1074 tibi
2518 997 2744 1073 etiam

656 1118 862 1193 illum
908 1120 1200 1210 librum,
1225 1128 1616 1214 postquam
1669 1118 1869 1190 hunc
1925 1115 2482 1204 excusserimuS,
2518 1135 2744 1185 excu-

657 1232 1016 1307 tiendum.

761 1345 859 1419 A.
915 1346 1156 1441 Caput
1189 1368 1358 1418 xxv,
1397 1354 1510 1417 est
1534 1343 1627 1417 de
1658 1342 2158 1440 quantitatum
2194 1339 2503 1414 invicem
2556 1362 2746 1411 comp

647 1458 1066 1557 paratione
1109 1458 1364 1556 quoad
1393 1455 1916 1553 differentiam,
1945 1464 2020 1528 et
2051 1453 2307 1551 quoad
2333 1451 2700 1525 rationem
2718 1477 2747 1523 .·

662 1572 741 1646 id
767 1583 904 1662 est,
939 1582 1025 1647 ut
1058 1571 1277 1668 vulgo
1311 1570 1704 1667 loquimur,
1730 1567 1823 1641 de
1849 1567 2254 1641 rationibus
2279 1564 2750 1638 arithmetica

663 1697 740 1758 et
773 1685 1244 1781 geometrica.
1350 1683 1550 1757 Dicit
1582 1694 1831 1757 autem
1865 1680 2245 1754 sciendum
2294 1701 2452 1751 esse
2513 1703 2748 1775 quan-

662 1798 909 1873 titates
940 1821 1090 1871 non
1125 1797 1268 1870 nisi
1300 1799 1791 1892 homogeneas
1826 1795 2356 1892 comparandas
2409 1816 2569 1865 esse
2600 1824 2621 1877 ;
2675 1803 2750 1866 et

663 1912 806 1985 hoe
842 1910 1136 2009 quidem
1175 1922 1400 1984 recte.
1504 1908 1791 1982 Deinde
1831 1908 2237 2004 subjungit,
2273 1897 2346 1979 si
2395 1905 2563 2003 quis
2620 1930 2746 1978 au-

665 2033 811 2097 tem
837 2021 1609 2120 contrariumsecerit,
1633 2031 1853 2120 puta,
1883 2021 2084 2095 datoe
2105 2020 2314 2094 lineae
2348 2019 2459 2093 ad
2487 2018 2748 2091 datam

664 2138 1158 2236 superficiem,
1226 2136 1348 2211 vel
1428 2136 1779 2233 temporis
1849 2134 1957 2208 ad
2027 2133 2317 2221 lineam,
2384 2131 2748 2205 rationem

667 2250 1069 2347 inquirens,
1107 2250 1304 2323 idem
1336 2249 1484 2322 erit
1516 2274 1610 2322 ac
1642 2248 1713 2320 si
1738 2247 2158 2345 quaesiverit
2191 2254 2542 2343 quantum
2578 2255 2747 2317 tem-

651 2362 879 2459 poris
915 2371 1250 2459 oequetur
1275 2360 1508 2434 lineoe.

765 2472 861 2547 Β.
915 2473 1224 2546 Videtur
1250 2473 1370 2546 hic
1408 2484 1745 2570 repetere
1779 2472 1962 2545 illud
1997 2471 2192 2570 quod
2230 2470 2528 2544 Hobbio
2574 2481 2750 2544 ante

667 2587 1060 2683 objecerat,
1097 2587 1295 2682 quod
1329 2586 1818 2684 quantitatem
1854 2587 2206 2683 temporis
2256 2608 2426 2659 cum
2454 2586 2750 2681 quanti-

668 2710 823 2772 tate
857 2699 1068 2771 lineae
1102 2699 1661 2796 comparaverit.

771 2811 867 2885 A.
922 2812 1282 2886 Praetereo
1316 2813 1822 2910 loquutionem
1855 2813 2055 2886 illam
2100 2813 2514 2902 barbaram,
2553 2811 2750 2885 idem

670 2926 819 3000 erit
872 2938 1015 2999 ete.
1121 2925 1268 3000 Sed
1313 2950 1359 2999 a
1411 2939 1488 3000 te
1544 2950 1819 3023 quaem,
1856 2937 2105 2999 utrum
2159 2926 2356 3000 idem
2403 2927 2500 2999 sit
2546 2948 2746 3022 quae-

668 3063 830 3112 rere
867 3063 1085 3135 quam
1118 3040 1479 3113 rationem
1533 3039 1757 3112 habet
1815 3040 2187 3135 quantitas
2247 3040 2601 3136 temporis
2655 3037 2752 3111 ad

669 3154 1155 3249 quantitatem
1189 3152 1427 3243 lineae,
1450 3163 1527 3226 et
1584 3175 1911 3248 quaerere
1966 3164 2322 3249 quantum
2383 3152 2739 3249 temporis

670 3278 1008 3362 aequatur
1039 3265 1276 3341 lineae.

772 3378 869 3452 Β.
923 3379 1132 3453 Puto,

767 3491 866 3564 A.
922 3491 1316 3574 Quantitas
1348 3491 1724 3587 temporis,
1762 3490 1939 3587 quid
1972 3491 2138 3564 est?

772 3604 870 3679 Β.
925 3605 1190 3678 Nonne
1222 3606 1462 3701 ipsum
1499 3616 1789 3702 tempus
1823 3605 2391 3678 determinatum
2424 3604 2449 3676 Ρ

771 3717 869 3791 A.
922 3719 1017 3791 Et
1051 3718 1419 3814 quantitas
1451 3717 1737 3814 lapidis,
1774 3717 1952 3814 quid
1988 3717 2151 3792 est?

772 3833 869 3905 Β.
924 3832 1097 3904 Non
1133 3842 1245 3906 est
1278 3829 1867 3928 respondendum
1885 3856 2083 3906 nunc
2104 3843 2188 3906 ut
2207 3818 2435 3929 prius,
2456 3855 2745 3928 nempe,

670 3972 826 4022 esse
860 3947 1098 4043 ipsum
1131 3945 1449 4042 lapidem
1484 3944 2077 4021 determinatum.

767 4061 864 4135 A.
918 4060 1224 4157 Refugis
1258 4059 1536 4134 seilicet
1569 4060 2099 4134 absurditatem
2134 4058 2336 4147 dieti,
2374 4058 2577 4157 lapis
2632 4067 2746 4131 est

669 4176 1070 4274 quantitas.
1170 4176 1520 4248 Attamen
1580 4198 1730 4248 non
1798 4176 2040 4248 minus
2105 4173 2417 4247 absurde
2480 4172 2751 4246 dicitur

669 4304 958 4387 tempus
985 4313 1139 4364 esse
1175 4288 1686 4385 quantitatem.

773 4403 870 4476 Β.
914 4402 1113 4477 Quid
1147 4401 1304 4475 ita?
1378 4402 1568 4474 Cum
1601 4402 1678 4475 in
1704 4399 2277 4497 praedicamento
2312 4399 2749 4495 quantitatis

670 4523 954 4611 tempus
989 4516 1107 4605 sit,
1144 4514 1349 4611 lapis
1384 4538 1533 4589 non
1573 4513 1694 4589 sit.
