3094 5125
889 464 1511 560 MArnEMA‘rmAE
1553 509 2040 561 nonmnNAE.
2361 495 2494 561 155

431 667 785 759 bolorum,
840 669 1054 745 facile
1097 673 1382 747 fallunt.
1486 675 1767 771 Neque,
1823 676 1884 749 si
1938 699 2088 749 non
2140 675 2496 766 fallerent,
2572 699 2874 741 manneus

429 782 818 878 quicquam
861 784 1190 858 valerent
1249 787 1577 883 symbola
1626 788 1766 861 nisi
1822 788 1917 861 ad
1976 789 2500 863 obscuritatem
2578 849 2595 868 .
2684 782 2766 821 Ν·
2838 848 2864 871 ,

428 894 698 990 alioqui
733 895 1146 971 clarissimis
1179 899 1692 974 inducendam.

529 1009 950 1106 Sequuntur
993 1011 1236 1109 Caput
1292 1014 1471 1102 xliii,
1509 1014 1600 1087 de
1655 1013 2097 1086 fractionum
2153 1012 2503 1108 multipli-

431 1123 718 1198 catione
755 1136 831 1196 et
878 1123 1252 1215 divisione,
1283 1141 1356 1200 et
1410 1127 1650 1224 Caput
1706 1126 1875 1214 xliv,
1914 1126 2004 1199 de
2054 1126 2501 1199 fractionum

427 1234 1016 1322 reductionibus;
1069 1238 1145 1310 in
1187 1239 1450 1335 quibus
1484 1251 1572 1312 ut
1622 1238 1806 1312 nihil
1836 1239 2123 1328 falsum,
2160 1239 2265 1311 ita
2316 1237 2500 1310 nihil

426 1370 693 1421 novum
729 1350 1151 1444 reperimuS,
1188 1376 1422 1447 neque
1456 1353 1534 1424 in
1584 1352 2099 1425 demonstratis
2148 1373 2386 1447 neque
2422 1352 2500 1424 in

428 1461 1190 1537 demonstrationibus,
1293 1466 1532 1561 Caput
1580 1464 1920 1537 ultimum
1962 1464 2311 1560 Epilogus
2363 1478 2499 1555 est,

425 1599 568 1671 quo
600 1576 1021 1672 praecedens
1071 1600 1255 1673 opus
1310 1577 1856 1651 arithmeticum
1909 1601 1985 1650 se
2033 1577 2213 1651 dicit
2261 1578 2501 1652 absol-

422 1688 632 1761 visse.
760 1689 1192 1763 Doctrinam
1252 1690 1446 1763 enim
1517 1691 1611 1763 de
1668 1691 2034 1764 rationum
2092 1691 2499 1765 rationibus

423 1803 767 1876 traditam
827 1827 984 1877 esse
1046 1803 1151 1877 ait
1207 1805 1283 1876 in
1345 1804 1684 1878 doctrina
1741 1803 2231 1886 fractionum3
2296 1803 2497 1898 quod

424 1939 638 2011 quam
673 1930 874 1989 recte
908 1917 1186 1990 factum
1223 1918 1342 2002 sit,
1376 1917 1645 1991 audisti
1682 1917 1923 1991 modo.
2007 1917 2103 1989 Et
2137 1915 2496 2011 siquidem

422 2028 576 2125 ipse
600 2029 772 2103 huic
807 2029 1161 2104 doctrinae
1196 2031 1651 2105 theoremata
1684 2030 1835 2103 ulla
1868 2029 2491 2126 superstruxisset,

421 2141 734 2216 absurda
768 2166 854 2216 ea
887 2167 1045 2216 esse
1079 2144 1561 2218 intellexisset
1596 2145 1774 2241 ipse.

522 2254 620 2328 B.
676 2256 845 2329 Non
881 2268 1083 2353 puto.
1152 2259 1344 2331 Nam
1378 2259 1537 2332 haec
1575 2258 1912 2331 doctrina
1935 2255 2495 2330 fundamentum

420 2380 535 2441 est
599 2369 828 2442 totius
906 2370 1059 2443 fere
1127 2380 1486 2445 tractatus
1547 2371 1762 2459 illius,
1833 2393 2050 2466 quem
2118 2369 2495 2465 inscripsit

417 2479 977 2556 Aritlcmeticam
1022 2484 1487 2580 Infinitorum
1515 2511 1543 2569 ,·
1608 2507 1827 2581 quem
1894 2492 2289 2556 tractatum
2343 2507 2492 2557 una

419 2620 585 2668 cum
620 2597 1050 2671 tractatibus
1077 2597 1167 2671 de
1200 2599 1472 2671 conicis
1502 2597 1948 2671 sectionibus
1974 2610 2052 2671 et
2087 2597 2177 2671 de
2213 2597 2490 2695 angulo

418 2719 813 2799 contactus,
862 2735 1146 2784 mecum
1194 2711 1411 2784 attuli
1456 2724 1543 2784 ut
1583 2712 1975 2785 examines
2079 2711 2274 2784 Nam
2325 2710 2491 2784 illos

421 2824 815 2897 examinari
852 2825 1090 2920 cupio.

518 2937 616 3008 A.
667 2936 1143 3009 ExaminabO.
1250 2936 1395 3010 Sed
1440 2937 1536 3010 ad
1590 2960 1776 3035 opus
1830 2937 2200 3034 integrum
2254 2937 2491 3010 arith-

416 3051 750 3123 meticum
779 3050 1045 3124 desunt
1069 3050 1311 3124 adhuc
1346 3049 1629 3148 regulae
1653 3049 2133 3148 alligationis
2162 3060 2236 3121 et
2241 3048 2490 3145 falses

402 3165 856 3260 positionis:
912 3188 1224 3262 quarum
1270 3164 1544 3253 altera,
1605 3164 1866 3259 inquit,
1937 3173 2088 3236 tum
2149 3162 2326 3235 aliis
2394 3164 2490 3237 de

414 3278 684 3367 causis,
712 3288 860 3352 tum
894 3278 1096 3375 quod
1122 3276 1259 3351 illa
1293 3302 1436 3351 non
1468 3278 1658 3351 adeo
1681 3276 2125 3375 frequentis
2151 3300 2326 3348 usus
2358 3276 2485 3365 sit,

412 3391 664 3464 altera
727 3391 889 3464 sine
957 3415 1228 3489 magno
1297 3390 1685 3488 dispendio
1743 3400 1927 3487 post
1998 3388 2486 3461 introducta-m

412 3503 943 3577 arithmeticam
1008 3504 1445 3601 speciosam,
1503 3502 1800 3575 careri*
1846 3501 2118 3599 possit.
2263 3502 2485 3576 Quod

409 3629 801 3714 utrumque
835 3617 1100 3690 falsum
1127 3631 1263 3690 est.
1366 3618 1562 3691 Nam
1603 3627 1680 3689 et
1726 3616 1998 3712 regulae
2041 3614 2484 3710 alligationis

409 3729 606 3826 apud
640 3743 1085 3803 mercatores
1119 3753 1294 3804 usus
1329 3740 1441 3803 est
1477 3730 1655 3802 satis
1688 3728 2074 3824 frequens;
2121 3739 2198 3801 et
2228 3729 2483 3825 regula

408 3843 608 3916 falsae
629 3843 1033 3940 positionis,
1064 3866 1233 3915 cum
1261 3842 1675 3939 dependeat
1709 3842 1799 3915 ab
1829 3842 1969 3915 hoc
2002 3841 2477 3931 theoremate,

408 3966 489 4028 ut
522 3979 732 4028 unum
755 3954 1056 4054 falsum
1099 3954 1562 4053 suppositum
1601 3961 1714 4026 est
1762 3953 1872 4026 ad
1920 3976 2248 4025 errorem
2302 3978 2349 4024 a
2397 3978 2481 4025 se

405 4081 677 4159 natum,
748 4070 860 4141 ita
929 4068 1246 4142 alterum
1299 4067 1600 4166 falsum
1667 4066 2123 4166 suppositum
2196 4076 2309 4138 est
2377 4066 2486 4138 ad

406 4206 733 4255 errorem
795 4181 1045 4254 itidem
1104 4206 1152 4253 a
1211 4205 1294 4252 se
1347 4191 1619 4269 natum,
1680 4179 2165 4253 demonstrari
2232 4190 2478 4274 potest

406 4297 561 4370 sine
596 4297 917 4392 algebra.
1018 4294 1566 4368 Demonstratio
1602 4293 2056 4390 longiuscula
2090 4304 2223 4365 est.
2329 4291 2475 4365 Sed

1019 4496 1052 4529 ⁴
1099 4494 1196 4555 Sic
1224 4495 1380 4553 Edit.
1419 4497 1571 4553 1660
1611 4503 1669 4554 et
1704 4496 1873 4553 1668.
