3094 5125
930 506 1491 560 PRoBLEMATA
1529 507 1914 561 Pmrsma.
2316 494 2460 559 315

384 681 632 743 tamen
685 693 856 743 cum
915 685 1087 746 sunt
1135 672 1215 745 in
1260 672 1518 746 eadem
1571 671 1769 745 linea
1827 684 2079 756 recta;
2133 671 2211 745 id
2267 673 2466 769 quod

384 783 752 880 contingit
784 784 862 857 in
896 785 1290 860 noviluniis
1323 798 1402 859 et
1433 784 1856 883 pleniluniis
1891 785 2088 859 solis.

479 895 572 971 A.
628 899 991 974 Quaenam
1024 912 1274 973 autem
1310 924 1534 974 causa
1568 910 1703 989 est,
1739 899 1939 996 quod
1978 899 2091 972 bis
2126 900 2202 971 in
2244 922 2462 990 anno,

382 1011 727 1085 nimirum
755 1011 833 1085 in
868 1013 1352 1110 aequinoctiiS,
1386 1025 1610 1087 aestus
1643 1013 1833 1085 fiunt
1867 1012 2196 1085 omnium
2228 1012 2464 1086 multo

382 1123 734 1198 maximi?

480 1238 580 1310 B.
637 1238 945 1311 Caeteris
979 1240 1155 1312 anni
1189 1238 1670 1336 temporibus,
1715 1238 1889 1335 quia
1924 1249 2124 1311 terra
2166 1262 2314 1312 non
2352 1249 2466 1313 est

383 1350 460 1423 in
485 1352 705 1447 plano
732 1352 988 1425 circuli
1022 1353 1556 1450 aequinoctialis
1591 1351 1924 1441 caelestiS,
1959 1362 2202 1426 motus
2242 1363 2462 1427 terrae

383 1463 505 1536 ille
538 1488 755 1560 quem
774 1465 1019 1539 facere
1043 1477 1305 1540 aestum
1335 1465 1706 1563 supposui,
1734 1477 1946 1539 tanto
1974 1465 2217 1539 minus
2236 1490 2461 1563 auge-

384 1578 606 1665 bitur,
660 1590 937 1674 quanto
989 1591 1234 1654 motus
1294 1580 1632 1676 obliquus
1691 1579 2000 1653 debilius
2052 1580 2207 1676 agit
2245 1605 2464 1677 quam

384 1692 1030 1789 perpendicularis.

483 1802 576 1879 A.
632 1805 826 1879 Satis
860 1819 1107 1880 essent
1142 1807 1302 1880 haec
1334 1808 1766 1903 probabilia,
1803 1808 1866 1881 si
1907 1820 2107 1881 terra
2140 1818 2216 1882 et
2256 1807 2468 1882 stella

386 1930 631 1992 motus
668 1919 852 1992 tales
886 1943 1143 1993 revera
1174 1919 1533 1994 haberent
1558 1944 1743 2018 quos
1772 1933 1857 1994 tu
1890 1922 2266 2018 supponis,
2320 1921 2467 1995 Sed

388 2031 479 2105 de
512 2031 678 2121 hoc,
716 2056 851 2106 nec
888 2034 1047 2106 sine
1080 2033 1390 2122 ratione,
1426 2034 1707 2108 dubito.
1812 2035 2009 2108 Nam
2054 2059 2224 2109 cum
2278 2034 2467 2108 aeris

387 2145 886 2241 rejectionem,
923 2146 1247 2220 motibus
1279 2146 1404 2244 huj
1416 2147 1699 2221 asmodi
1733 2147 2258 2237 adhaerentem,
2296 2171 2468 2220 cau-

387 2282 544 2331 sam
566 2282 723 2331 esse
751 2257 952 2333 dicas
972 2259 1170 2356 quod
1192 2271 1459 2333 caetera
1479 2284 1790 2356 corpora
1810 2261 2058 2335 omnia
2076 2261 2173 2334 ad
2194 2273 2467 2334 terram

389 2371 883 2445 descendant:
939 2396 1071 2446 cur
1104 2397 1255 2446 non
1297 2397 1505 2471 aeque
1539 2373 1934 2447 dicendum
1968 2385 2106 2460 est,
2156 2398 2325 2449 cum
2359 2374 2467 2447 sol

390 2498 466 2558 et
522 2485 700 2558 luna
758 2509 1003 2560 aerem
1070 2488 1431 2584 rejiciant,
1502 2500 1770 2562 caetera
1832 2512 2142 2586 corpora
2200 2499 2470 2586 praeter

390 2622 636 2673 aerem
682 2600 931 2673 omnia
985 2600 1083 2674 ad
1130 2602 1378 2676 stellas
1435 2625 1689 2676 omnes
1737 2602 2071 2677 similiter
2123 2604 2341 2693 itura,
2396 2616 2471 2677 et

391 2713 495 2787 sic
531 2713 760 2787 solem
794 2726 869 2787 et
901 2725 1174 2788 terram
1203 2715 1279 2788 in
1312 2740 1543 2789 unum
1580 2739 1845 2813 corpus
1876 2717 2235 2790 coalitura
2260 2718 2468 2791 esse?

495 2826 593 2900 B.
647 2826 820 2899 Non
848 2836 959 2900 est
991 2851 1314 2902 necesse.
1388 2830 1582 2902 Nam
1612 2829 1672 2902 si
1700 2829 1847 2902 duo
1880 2854 2194 2926 corpora
2227 2854 2472 2904 aerem

392 2964 439 3012 a
471 2963 548 3013 se
583 2939 943 3035 rejiciant,
980 2939 1419 3035 reprimetur
1450 2941 1798 3038 utrinque
1833 2954 2077 3016 motus
2111 2943 2322 3029 aeris,
2367 2945 2477 3016 ita

391 3065 476 3126 ut
509 3052 636 3125 illa
670 3051 816 3126 duo
850 3075 1165 3148 corpora
1189 3054 1387 3127 coire
1419 3078 1572 3128 non
1598 3055 1924 3151 possint:
1977 3056 2119 3129 nisi
2145 3055 2475 3129 dicamus

392 3190 660 3254 aerem,
696 3166 790 3238 ab
823 3176 1137 3262 utroque
1172 3166 1388 3239 simul
1435 3191 1747 3263 corpore
1793 3168 2173 3263 rejectum,
2208 3169 2475 3267 expelli

394 3302 435 3351 e
469 3293 737 3352 natura
768 3302 1035 3351 rerum.

492 3393 585 3463 A.
641 3391 1006 3465 Videntur
1065 3415 1242 3489 ergo
1295 3392 1442 3467 duo
1491 3405 1691 3467 astra
1740 3393 2083 3490 quaelibet
2149 3394 2344 3467 inter
2397 3417 2475 3467 se

397 3505 821 3579 distantiam
854 3504 1223 3602 quandam
1258 3518 1508 3580 tenere
1543 3508 1638 3581 ab
1686 3508 1826 3581 hac
1861 3530 2084 3580 causa
2131 3506 2476 3581 determi-

395 3631 674 3708 natam,
722 3630 796 3691 et
827 3617 1138 3714 proinde
1172 3619 1269 3692 ad
1302 3643 1380 3693 se
1423 3620 1741 3694 invicem
1789 3620 2091 3717 propius
2126 3621 2478 3694 accedere

394 3731 512 3804 vel
566 3731 856 3829 longius
913 3730 1115 3803 abire
1171 3756 1320 3805 non
1374 3756 1590 3829 posse
1639 3757 1857 3829 quam
1901 3757 2036 3830 pro
2071 3734 2477 3829 aequilibrio

395 3846 686 3919 virium.
774 3844 1085 3918 Videtur
1119 3844 1367 3932 etiam,
1402 3847 1782 3943 supposito
1817 3845 2016 3943 quod
2049 3846 2200 3943 poli
2234 3858 2479 3920 motus

398 3960 616 4055 hujus
657 3957 1130 4050 (considerati
1176 3958 1251 4030 in
1297 3959 1446 4032 sole
1498 3970 1574 4033 et
1630 3959 1834 4049 luna)
1893 3971 2064 4032 sunt
2117 3959 2195 4031 in
2255 3958 2476 4054 plano

399 4071 947 4169 aequinoctialiS,
1017 4085 1259 4145 motus
1319 4073 1440 4146 ille
1500 4073 1671 4146 solis
1733 4096 1955 4145 causa
2017 4095 2175 4144 esse
2235 4081 2477 4144 motus

401 4197 618 4259 terrae
654 4185 921 4260 diurni.
1023 4188 1267 4284 Atque
1310 4189 1557 4276 etiam,
1593 4187 1767 4284 quia
1809 4196 2055 4259 motus
2106 4196 2324 4258 terrae
2365 4197 2480 4258 est

399 4300 477 4373 in
543 4300 764 4397 plano
825 4299 1206 4396 eclipticae,
1268 4313 1541 4375 terram
1605 4299 1873 4374 debere
1940 4309 2223 4372 motum
2285 4298 2480 4371 lunae

2567 699 2707 740 CAP.
2738 699 2802 739 11.

2543 765 2832 801 ω-Ὺῌ

2554 828 2624 871 De
2643 825 2823 902 metibus

2550 904 2743 935 mannu-
