3094 5125
788 539 1414 592 MATHEMATICAE
1456 540 1941 594 nomn-muz.
2265 532 2402 598 113

394 705 758 804 Exempli
793 731 1059 781 causa:
1114 708 1206 780 sit
1241 706 1683 804 quadratum
1721 717 1840 798 36,
1878 709 2088 804 cujus
2129 717 2173 781 4
2205 709 2400 783 radi-
2473 739 2770 780 unrocus

283 842 418 892 ces
448 819 884 893 dividendae
912 831 1083 893 sunt
1101 843 1234 916 per
1254 829 1299 893 2
1331 819 1613 894 radices
1649 821 1989 917 quadrati
2008 824 2292 895 numeri
2327 833 2397 897 4.
2583 821 2670 861 ¹¹¹·
2747 890 2758 906 ,

392 932 686 1006 Divido
722 956 899 1029 ergo
928 941 1022 1006 36
1048 957 1180 1030 per
1212 940 1259 1005 9
1288 965 1307 1017 ;
1362 933 1701 1028 quotiens
1738 945 1851 1006 est
1884 942 1954 1007 4.

391 1045 686 1120 Divido
722 1048 900 1120 item
938 1055 982 1119 4
1011 1069 1145 1142 per
1178 1054 1223 1119 2
1258 1077 1277 1129 ;
1331 1045 1673 1141 quotiens
1708 1057 1817 1119 est
1852 1055 1924 1120 2.

392 1159 819 1257 Interpono
843 1160 1036 1232 inter
1062 1157 1478 1255 quotientes
1505 1170 1759 1232 notam
1786 1158 2075 1232 radiciS.
2135 1160 2395 1257 Itaque

286 1272 654 1366 quotiens
691 1273 1039 1369 quaesitus
1076 1283 1188 1344 est
1223 1281 1266 1345 2
1300 1280 1429 1344 ⁴!4.
1542 1271 1640 1344 Et
1676 1282 1718 1344 4
1753 1281 1812 1345 d
1845 1280 1965 1363 36,
2001 1272 2076 1345 id
2129 1284 2237 1346 est
2270 1283 2392 1365 24,

287 1384 355 1455 si
405 1385 800 1462 dividatur
848 1409 981 1483 per
1015 1396 1060 1460 2
1091 1391 1221 1475 «l9,
1276 1384 1354 1457 id
1388 1395 1499 1458 est
1533 1392 1606 1472 6,
1643 1385 1784 1457 erit
1819 1394 1864 1458 2
1897 1395 2026 1475 «[4,
2075 1386 2151 1459 id
2186 1396 2294 1460 est
2324 1397 2390 1461 4.

296 1525 508 1600 Nam
547 1496 939 1633 ᾷςς--ε
971 1531 1169 1592 —

397 1667 505 1740 B.
565 1667 959 1742 Quomodo
1026 1678 1274 1740 autem
1334 1667 1542 1740 radix
1615 1668 2044 1765 quadratica
2100 1673 2387 1745 numeri

295 1802 452 1852 non
482 1779 851 1877 quadrati,
875 1805 920 1853 a
946 1779 1191 1853 radice
1221 1780 1652 1876 quadratica
1678 1782 1963 1855 numeri
1990 1782 2213 1855 etiam
2236 1808 2385 1858 non

301 1894 656 1988 quadrati
687 1894 1195 1967 subtrahitur?

401 2006 506 2077 A.
567 2006 648 2079 Si
667 2006 952 2080 radices
977 2007 1116 2079 illae
1144 2007 1291 2079 sint
1317 2006 2027 2094 commensurabiles,
2040 2029 2170 2102 per
2195 2007 2386 2080 hanc

300 2120 661 2215 regulam.
777 2119 1168 2193 Dividatur
1231 2131 1541 2218 uterque
1596 2142 1940 2192 numerus
1997 2143 2130 2216 per
2187 2145 2389 2193 max-

301 2230 532 2305 imam
600 2235 985 2307 amborum
1044 2257 1458 2307 mensuram
1525 2255 2012 2306 communem.
2150 2233 2391 2307 Radix

302 2360 558 2418 autem
594 2347 891 2442 majoris
928 2345 1296 2419 dividatur
1354 2348 1429 2418 in
1487 2346 1852 2418 rationem
1887 2345 2154 2418 radicis
2210 2370 2389 2443 quo-

306 2457 561 2532 tientis
590 2459 685 2532 ad
720 2459 1038 2532 radicem
1073 2459 1494 2555 quotientis.
1598 2459 1930 2555 Exempli
1976 2483 2242 2533 causa:
2297 2459 2392 2532 sit

304 2572 519 2646 radix
555 2574 984 2669 quadratica
1016 2581 1113 2647 20
1141 2571 1615 2646 subducenda
1649 2595 1737 2644 ox
1774 2573 2020 2646 radice
2077 2573 2388 2670 quadra-

303 2685 456 2759 tica
498 2697 648 2771 453
704 2686 953 2761 divisis
1002 2695 1095 2759 45
1140 2698 1217 2759 et
1277 2694 1373 2760 20
1426 2709 1560 2781 per
1615 2708 2075 2758 communem
2132 2711 2383 2760 eorum

303 2821 725 2873 mensuram
772 2801 1161 2874 maximam
1201 2810 1270 2887 5,
1308 2799 1721 2896 quotientes
1778 2810 1949 2872 sunt
1993 2807 2039 2872 9
2089 2810 2164 2873 et
2203 2810 2272 2888 4,
2310 2814 2386 2874 et

303 2936 561 2986 eorum
595 2913 880 2987 radices
929 2922 973 2986 3
1008 2927 1083 2987 et
1125 2920 1195 2985 2.
1318 2911 1582 2984 Divide
1630 2934 1806 3006 ergo
1852 2910 2175 2984 radicem
2210 2937 2385 3007 qua-

306 3025 666 3100 draticam
689 3036 783 3100 45
809 3028 885 3100 in
915 3027 1274 3100 rationem
1298 3034 1342 3098 3
1365 3024 1461 3097 ad
1489 3034 1532 3098 2
1561 3056 1579 3107 ;
1617 3025 1901 3119 eritque
1925 3040 2384 3120 segmentum

304 3141 548 3213 minus
607 3139 855 3213 radice
903 3138 1332 3235 quadratica
1366 3146 1510 3221 20;
1565 3161 1655 3209 ex
1711 3162 1857 3234 quo
1916 3140 2385 3233 cognoscitur

302 3252 681 3326 residuum
709 3253 806 3326 ad
839 3252 1162 3326 radicem
1189 3250 1693 3348 quadraticam
1728 3258 1850 3322 45.

398 3365 497 3438 B.
559 3366 705 3440 Sed
728 3367 936 3440 radix
957 3365 1386 3463 quadratica
1405 3372 1500 3437 45
1531 3388 1698 3436 cum
1721 3386 2066 3436 numerus
2087 3387 2236 3437 non
2261 3362 2381 3453 sit,

301 3479 536 3553 dividi
562 3480 640 3554 in
667 3480 1024 3553 rationem
1061 3488 1107 3552 3
1143 3478 1239 3551 ad
1273 3488 1318 3552 2
1357 3489 1697 3551 accurate
1725 3501 1874 3549 non
1910 3488 2173 3572 potest.
2240 3477 2385 3548 Ve-

297 3592 432 3665 lim
460 3616 640 3688 ergo
666 3593 853 3666 scire
888 3593 1095 3689 cujus
1129 3590 1415 3663 numeri
1435 3589 1650 3661 radix
1673 3591 1768 3661 sit
1794 3589 1975 3661 illud
1986 3588 2383 3664 residuum.

401 3706 503 3776 A.
559 3705 798 3778 Aliam
832 3705 1059 3802 igitur
1084 3703 1513 3778 methodum
1538 3702 1824 3775 radices
1848 3725 2387 3776 commensura-

295 3818 485 3891 biles
520 3831 678 3891 tum
715 3818 1167 3893 subducendi
1203 3830 1361 3891 tum
1386 3815 1729 3905 addendi,
1756 3839 1893 3889 nec
1920 3815 2382 3912 quadraticas

305 3930 525 4004 modo
560 3931 692 4004 sed
733 3932 954 4005 etiam
994 3932 1311 4020 cubicas,
1347 3928 1650 4003 habebis
1700 3953 1790 4002 ex
1832 3928 2053 4004 Clave
2085 3927 2380 4002 Mathe-

304 4044 581 4117 matica
619 4045 1032 4141 Oughtredi
1064 4030 1094 4129 ς’
1134 4042 1527 4118 additionis
1581 4042 1881 4138 quidem
1931 4043 2147 4115 hanc.
2247 4038 2380 4113 Di-

302 4156 596 4230 vidatur
625 4169 935 4253 uterque
976 4180 1322 4231 numerus
1375 4179 1507 4252 per
1560 4156 1953 4230 maximam
2000 4154 2386 4228 amborum

301 4294 724 4345 mensuram
792 4294 1250 4343 communem
1283 4300 1303 4354 ;
1386 4270 1671 4343 radices
1748 4268 2127 4362 utriusque
2203 4288 2383 4361 quo-

299 4384 551 4459 tientis
642 4384 866 4458 simul
931 4385 1349 4468 addantur;
1435 4384 1667 4457 totius
1744 4380 2183 4479 quadratum
2251 4400 2385 4473 per

495 4522 696 4575 VOL.
737 4520 851 4571 lv.
2152 4512 2182 4561 1
