3094 5125
267 640 568 683 DIALOGUS

381 723 465 765 VI.

648 437 794 503 226
868 422 871 427 ’
1083 451 1621 503 ExAmNA'no
1665 453 1764 504 m·
1803 453 2300 506 EMENDA‘rlo

752 621 850 696 B.
904 622 1269 695 Absurda.
1374 621 1520 695 Sed
1580 622 1918 696 ultimum
1974 624 2139 713 hoc,
2201 624 2292 697 de
2354 623 2733 720 duplicata

646 736 955 824 ratione,
992 759 1082 808 ex
1135 758 1222 807 eo
1274 748 1529 808 natum
1577 759 1733 807 esse
1791 736 2102 826 videtur,
2137 736 2334 832 quod
2389 736 2732 809 Euclides

641 849 875 921 utitur
894 873 1073 923 voce
1096 860 1412 919 διπλασίονι
1440 872 1731 944 semper
1753 873 1890 945 pro
1919 847 2329 947 duplicata,
2353 873 2731 946 nunquam

644 986 778 1058 pro
817 962 1076 1060 dupla.

746 1075 843 1148 Α.
901 1075 1099 1150 Quid
1133 1075 1436 1148 autem?
1540 1076 1661 1148 An
1688 1086 2137 1172 geometram
2189 1076 2403 1149 decet
2437 1077 2729 1149 theore-

643 1201 922 1261 matum
975 1188 1362 1261 veritatem
1424 1211 1514 1260 ex
1571 1211 1708 1260 usu
1753 1190 2166 1280 verborum,
2205 1212 2301 1262 an
2361 1212 2450 1261 ex
2507 1190 2726 1262 rebus

641 1302 818 1397 ipsis
852 1312 1051 1375 recte
1088 1300 1490 1397 conceptiS‚
1526 1300 1938 1373 aestimare?
2046 1303 2192 1376 Sed
2238 1302 2434 1398 quod
2479 1301 2726 1374 Eucli-

644 1414 812 1487 dem
880 1415 985 1488 ais
1052 1438 1430 1509 nunquam
1497 1415 1610 1487 uti
1672 1438 1849 1487 voce
1902 1427 2214 1487 διπλασίονι
2273 1441 2409 1512 pro
2473 1415 2725 1511 dup10,

641 1551 897 1600 verum
932 1552 1081 1601 non
1129 1539 1260 1600 est.
1365 1528 1561 1625 Lege
1621 1527 1852 1600 Elem.
1883 1528 1982 1600 iii.
2011 1552 2225 1626 prop.
2260 1539 2381 1620 20,
2419 1554 2583 1625 quae
2618 1531 2726 1602 sic

643 1665 720 1714 SC
746 1642 1014 1715 habet:
1051 1657 1113 1712 ὲν
1139 1654 1313 1733 κύκλῳ
1340 1657 1374 1723 ἡ
1418 1653 1553 1728 πρὸς
1581 1658 1656 1733 τῷ
1699 1656 1892 1733 κέντρῳ
1937 1661 2115 1729 γωνία
2143 1654 2448 1714 διπλασίων
2494 1657 2578 1714 ἐςὶ
2628 1660 2726 1726 τῆς

641 1771 775 1844 πρὸς
805 1772 872 1849 τῇ
900 1774 1230 1846 περιφερείᾳ,
1259 1767 1400 1828 etc.

745 1867 843 1941 B.
896 1868 1056 1941 Tua
1113 1868 1261 1957 illa,
1318 1891 1737 1964 quanquam
1790 1867 2189 1964 paradoxa,
2239 1892 2415 1941 vera
2473 1880 2724 1942 tamen

640 1993 837 2066 sunt,
872 1992 959 2053 ut
990 1981 1172 2053 mihi
1204 1980 1574 2069 videntur,
1611 1992 1686 2052 et
1710 1979 1960 2052 futura
1984 1979 2379 2076 aliquando
2406 1981 2720 2055 endooea.

641 2094 935 2166 Interea
969 2105 1075 2183 tu,
1114 2095 1242 2187 qui
1276 2093 1609 2167 defendis
1647 2117 1940 2166 omnem
1976 2093 2389 2167 doctrinam
2438 2095 2723 2167 Hobbi-

641 2231 884 2294 anam,
906 2207 1081 2303 quid
1119 2206 1452 2281 dicturus
1476 2231 1555 2280 es
1590 2207 1686 2280 ad
1720 2231 1809 2279 ea
1842 2231 2006 2304 quae
2040 2208 2263 2280 habet
2298 2209 2375 2280 in
2412 2206 2724 2303 Physica

643 2344 775 2393 sua
795 2330 871 2393 et
891 2320 1238 2393 Politica?
1307 2322 1403 2393 Et
1428 2320 1691 2416 prim0‚
1715 2321 1791 2391 in
1813 2320 2139 2415 physica,
2170 2321 2369 2417 quod
2394 2321 2721 2394 omnium

639 2457 886 2505 rerum
922 2433 1365 2506 naturalium
1394 2457 1651 2506 causas
1687 2432 1868 2505 dicit
1900 2456 2059 2506 esse
2078 2447 2382 2523 motum,
2409 2456 2720 2530 eumque

644 2546 829 2621 moti
864 2557 940 2619 et
976 2546 1308 2642 contigui
1344 2544 1722 2642 corporis?

738 2657 834 2732 A.
889 2658 1057 2732 Sive
1092 2683 1346 2731 verum
1382 2660 1523 2731 hoc
1572 2659 1668 2731 sit
1702 2657 1851 2730 sive
1910 2658 2200 2745 falsum,
2261 2659 2721 2755 paradoxum

640 2783 839 2846 certe
889 2796 1041 2845 non
1096 2785 1231 2846 est.
1336 2773 1531 2845 Nam
1588 2773 2050 2861 AristoteleS‚
2113 2796 2330 2868 quem
2393 2773 2721 2869 sequitur

638 2886 909 2975 schola,
946 2885 1142 2959 idem
1203 2886 1409 2973 dicit,
1464 2887 1523 2959 si
1570 2909 1721 2958 non
1777 2898 1853 2958 et
1911 2885 2247 2982 ampliuS‚
2286 2910 2455 2959 oum
2522 2886 2721 2958 dicat

636 3009 984 3072 naturam
1042 2999 1227 3072 nihil
1286 2999 1485 3072 aliud
1547 3021 1704 3072 esse
1753 3008 2022 3094 praeter
2075 3007 2337 3071 motum
2357 3025 2387 3082 ;
2438 3010 2719 3073 motum

638 3124 882 3185 autem
943 3114 1322 3209 proprium
1377 3136 1538 3186 esse
1590 3113 1942 3208 corporis.
2069 3112 2290 3186 Quod
2344 3113 2719 3186 internum

637 3249 794 3298 esse
831 3226 1053 3315 dicat,
1081 3226 1231 3299 non
1264 3238 1488 3322 negat
1541 3225 1718 3322 quin
1775 3250 2069 3299 causam
2131 3226 2402 3300 habeat
2458 3227 2537 3299 in
2597 3249 2721 3298 ex-

636 3350 870 3411 terno.
997 3340 1191 3412 Nam
1254 3340 1572 3412 affirmat
1638 3339 1835 3427 alibi,
1896 3339 2088 3413 nihil
2127 3364 2364 3438 posse
2430 3362 2720 3412 movere

637 3451 984 3549 seipsum.
1090 3454 1204 3526 Ab
1241 3454 1382 3526 hoc
1419 3453 1782 3548 principio
1828 3477 2057 3544 orsuS,
2098 3477 2354 3527 causas
2411 3453 2721 3549 qualita-

637 3575 796 3636 tum
846 3565 1297 3638 sensibilium
1353 3577 1429 3638 et
1473 3566 2013 3660 phaenomenwn
2073 3567 2518 3640 naturalium
2562 3566 2718 3639 fere

637 3676 964 3750 omnium
992 3679 1167 3751 satis
1200 3677 1615 3772 probabiles
1651 3677 1968 3751 deducit.
1987 3679 2323 3752 Hobbius
2344 3706 2374 3762 ;
2409 3679 2487 3753 id
2516 3679 2717 3774 quod

635 3790 767 3877 illi,
813 3791 1076 3887 quibus
1109 3791 1553 3888 principium
1611 3792 1753 3864 hoc
1808 3791 2101 3865 videtur
2153 3793 2440 3882 falsum,
2475 3792 2716 3865 facere

636 3928 1014 4001 nunquam
1048 3915 1422 4000 poterunt.

740 4017 837 4090 B.
892 4017 1293 4091 Maximam
1318 4027 1603 4115 partem
1639 4017 2050 4090 effectuum·
2085 4017 2531 4090 naturalium
2594 4016 2721 4090 de-

639 4129 843 4204 ducit
879 4131 1001 4204 ille
1031 4156 1075 4204 a
1110 4146 1317 4204 motu
1348 4131 1691 4227 quodam,
1729 4155 1951 4227 quem
2000 4143 2219 4203 vocat
2266 4130 2716 4204 circularem

636 4242 1048 4341 simplicem
1069 4272 1098 4332 ;
1152 4267 1370 4340 quem
1403 4255 1710 4333 motum,
1760 4268 2017 4317 vereor
2063 4267 2159 4316 ne
2217 4244 2556 4333 lectoreS‚
2588 4267 2715 4316 ex-

638 4358 869 4452 ceptis
902 4358 1177 4455 pauciS,
1209 4383 1361 4433 non
1395 4358 1572 4432 satis
1609 4358 2050 4454 concipiant.
2156 4357 2351 4432 Nam
2384 4357 2521 4431 etsi
2547 4356 2716 4430 talis
