3094 5125
242 685 377 727 cAP.
409 687 492 727 VI.

183 814 251 857 Do
265 813 429 869 pluvia,
442 821 585 867 vento,

181 879 364 934 aliisquo
392 880 494 923 coeli
514 894 585 924 va-

183 944 422 988 rietatibus.

608 478 751 543 346
1166 490 1722 542 PRoBLEMArA
1760 489 2144 542 PnrsrcA.

606 660 685 734 id
718 670 851 747 est,
887 661 948 733 si
983 661 1294 755 angulus
1343 660 1556 732 ECA
1591 660 1802 733 valde
1851 661 2157 757 exiguus
2218 671 2435 746 esset,
2479 659 2691 731 navis

608 774 827 847 eredo
863 774 1144 847 tardius
1179 776 1320 847 iret
1355 775 1430 846 in
1467 772 1665 847 linea
1700 774 1866 862 CA,
1903 797 2123 871 quam
2159 772 2584 846 lateraliter.

707 887 805 960 B.
857 886 1167 960 Tardius
1222 898 1420 960 certe
1480 898 1692 962 tanto
1748 888 1914 976 iret,
1968 911 2114 984 quo
2166 900 2431 959 ventus
2492 898 2693 959 esset

607 1000 839 1095 magis
874 1001 1285 1073 contrarius
1316 1029 1333 1073 ε
1387 1000 1517 1074 sed
1552 1001 1757 1074 navis
1803 1001 2202 1075 lateraliter
2237 999 2517 1073 tardius
2550 999 2692 1071 ibit

605 1136 823 1209 quam
886 1113 1148 1187 eredis.
1255 1114 1445 1188 Nam
1502 1126 1747 1190 motus
1793 1115 1890 1190 ad
1940 1116 2172 1188 latera
2224 1113 2390 1187 duae
2445 1138 2689 1187 causae

604 1239 824 1300 sunt:
878 1250 1187 1322 quarum
1249 1227 1482 1301 altera
1533 1241 1645 1302 est
1678 1241 1942 1302 ventus
1976 1228 2098 1302 ille
2135 1226 2261 1323 qui
2297 1226 2558 1300 incidit
2607 1228 2685 1299 in

604 1340 843 1434 ipsum
897 1339 1090 1413 latus
1142 1340 1391 1425 navis3
1447 1341 1682 1413 altera
1714 1351 1827 1415 est
1858 1340 2001 1414 veli
2035 1340 2379 1413 sinuatio.
2482 1341 2687 1415 Qua-⁷

603 1475 767 1523 rum
803 1475 1189 1526 causarum
1220 1453 1458 1548 prima
1502 1454 1686 1527 nihil
1720 1454 1873 1527 fere
1910 1453 2154 1541 efficit,
2191 1453 2364 1549 quia
2395 1454 2688 1549 pondus

604 1589 815 1662 aquae
848 1565 1044 1663 quod
1080 1590 1126 1639 a
1156 1565 1388 1639 latere
1437 1567 1647 1639 navis
1692 1565 2250 1663 propellendum
2284 1578 2421 1655 est,
2454 1567 2689 1640 maxi-

602 1702 804 1752 mum
853 1690 1003 1753 est:
1054 1677 1378 1752 secunda
1431 1692 1714 1752 motum
1764 1681 1972 1753 navis
2018 1681 2095 1753 in
2146 1680 2517 1753 anteriora
2553 1679 2686 1753 ali-

603 1803 961 1887 quantum
995 1791 1323 1888 impedit.

701 1905 799 1977 A.
856 1905 1078 1980 Quod
1141 1906 1346 1977 navis
1403 1917 1646 1977 motus
1701 1903 2043 1994 lateraliS,
2097 1906 2238 1978 nisi
2290 1907 2365 1977 in
2409 1903 2685 2000 longis-

603 2017 786 2090 sima
854 2019 1343 2115 navigatione,
1414 2041 1563 2090 non
1644 2018 1957 2090 multum
2039 2018 2391 2113 impediat
2467 2017 2684 2090 facile

601 2132 977 2205 concedo:
1030 2132 1161 2205 sed
1200 2133 1341 2205 veli
1401 2132 1888 2205 sinuationem
1952 2131 2364 2204 accelerare
2420 2155 2681 2203 navem

602 2245 904 2334 credidi,
939 2247 1183 2343 potius
1218 2269 1436 2343 quam
1471 2244 1850 2340 impedire.

699 2358 797 2431 B.
851 2360 1077 2432 Error
1101 2370 1237 2431 est.
1312 2357 1503 2431 Nam
1526 2357 1874 2453 impedit:
1911 2359 2151 2431 minus
2175 2370 2424 2431 tamen
2450 2380 2683 2452 quan-

602 2469 696 2544 do
732 2484 995 2543 ventus
1030 2495 1075 2542 a
1110 2493 1353 2566 puppe
1388 2470 1639 2565 spirat.

699 2585 797 2659 A.
848 2585 1159 2658 Videtur
1186 2608 1389 2681 ergo,
1414 2584 1475 2657 si
1513 2584 1766 2657 tabula
1798 2586 2044 2683 aliqua
2078 2585 2248 2672 lata,
2278 2582 2683 2677 eademque

599 2699 863 2787 tenuiS,
899 2722 1034 2795 pro
1069 2698 1232 2771 velo
1266 2709 1488 2771 vento
1526 2699 2077 2786 obtenderetur,
2110 2696 2682 2770 commodiorem

597 2810 791 2884 fore:
846 2812 1017 2907 quia
1051 2811 1290 2884 minus
1323 2812 1658 2885 sinuatur
1693 2835 1912 2907 quam
1949 2812 2191 2885 velum
2228 2834 2320 2882 ex
2352 2810 2530 2882 lino.

703 2924 800 2996 B.
853 2925 1035 2997 Vela
1079 2924 1325 3020 lignea
1364 2936 1545 3020 quot
1586 2923 2053 2999 incommoda
2086 2946 2336 2997 secum
2371 2921 2685 2995 allatura

600 3050 798 3127 sunt,
844 3038 1058 3112 facile
1116 3038 1501 3136 providere
1553 3038 1749 3126 licet,
1804 3040 2027 3111 etiam
2075 3038 2349 3132 absque
2397 3032 2684 3130 experi-

598 3152 819 3224 entia.
923 3153 1325 3248 Expertum
1385 3163 1633 3224 tamen
1681 3151 1832 3223 vidi
1890 3152 1966 3223 in
2001 3150 2165 3224 velo
2205 3149 2453 3245 ligneo
2502 3147 2680 3243 quid

597 3265 884 3338 efficere
918 3278 1182 3338 ventus
1215 3274 1486 3362 potest.
1560 3265 1732 3337 Vidi
1769 3265 1965 3336 enim
1998 3263 2326 3336 tabulam
2360 3263 2679 3357 ligneam

598 3391 913 3473 quatuor
950 3378 1329 3452 trochiscis
1361 3378 1801 3474 impositam,
1838 3389 1913 3449 et
1948 3377 2026 3449 in
2073 3375 2315 3448 medio
2350 3377 2508 3471 ejus
2543 3398 2679 3469 pro

597 3491 788 3564 malo
849 3504 1173 3564 erectum
1222 3492 1588 3579 baculum,
1646 3504 1723 3563 et
1776 3490 2037 3563 baculo
2107 3489 2402 3562 affixam
2461 3487 2680 3560 aliam

596 3603 921 3678 tabulam
974 3604 1204 3677 instar
1239 3604 1429 3687 veli;
1482 3617 1703 3700 atque
1747 3604 1854 3676 ita
1900 3603 2355 3690 collocatam,
2393 3614 2476 3674 ut
2509 3623 2680 3673 ven·

596 3731 715 3790 tus
750 3718 825 3790 in
872 3741 1034 3790 eam
1091 3717 1448 3790 incideret
1508 3717 2053 3813 obliquissime;
2116 3739 2402 3811 nempe,
2440 3715 2516 3786 in
2553 3737 2681 3786 an-

594 3831 768 3926 gulo
803 3830 1035 3902 multo
1063 3831 1342 3902 minore
1365 3854 1583 3925 quam
1617 3842 1731 3903 est
1765 3830 2077 3926 angulus
2112 3830 2187 3902 in
2215 3827 2677 3925 praeeedente

594 3947 832 4040 figura
865 3944 1097 4031 ACE,
1135 3943 1212 4014 id
1247 3955 1382 4030 est,
1420 3945 1523 4016 ita
1559 3957 1641 4016 ut
1684 3958 1874 4017 esset
1927 3946 2005 4017 in
2053 3945 2200 4016 situ
2245 3942 2339 4015 ad
2376 3955 2676 4015 ventum

589 4057 744 4130 fere
779 4058 1177 4130 contrario,
1260 4056 1544 4129 Tabula
1574 4058 1735 4131 haec
1772 4081 1939 4131 cum
1966 4057 2129 4130 velo
2159 4080 2289 4130 suo
2318 4056 2565 4152 ligneo
2600 4055 2675 4126 in

582 4171 1011 4267 pavimento
1048 4171 1181 4243 sub
1219 4170 1365 4258 dio,
1403 4170 1726 4266 spirante
1762 4181 1984 4243 vento
2039 4167 2412 4260 mediocri,
2450 4168 2675 4240 collo-1

594 4295 758 4356 cata
792 4294 924 4357 est.
1001 4281 1262 4359 Evenit
1289 4295 1560 4372 autem,
1584 4294 1666 4357 ut
1701 4284 1940 4382 primo
1969 4283 2274 4357 immota
2306 4282 2676 4378 paulisper
