3094 5125
193 88 724 250 s

117 257 186 274 fl

701 449 834 514 164
1125 463 1664 517 ΕΧΑΜῙΝΑΤῙΟ
1705 466 1805 517 ΕΤ
1843 465 2339 517 ΕΜΕΝοΑτῙο

315 657 613 698 nameus
693 633 1080 731 descripti.
1220 634 1477 730 Itaque
1545 635 1671 729 qui
1740 634 1995 708 dicunt
2066 633 2414 729 angulum
2468 629 2767 706 'duabus

322 741 603 840 *L
690 747 913 820 rectis
976 770 1016 819 e
1086 757 1342 820 centro
1412 747 1800 835 contineri,
1870 772 2018 820 non
2090 745 2575 842 superficiem,
2645 740 2774 814 sed

690 883 941 932 arcum
977 860 1337 933 contineri
1368 860 1815 955 intelligunt,
1853 860 1971 933 vel
2008 861 2414 954 intelligere
2451 856 2746 929 debent.

794 973 893 1045 B.
946 974 1206 1069 Itaque
1250 972 1545 1067 quidem
1602 995 1910 1045 censeo:
1972 996 2110 1045 nec
2135 971 2507 1046 Wallisius
2563 969 2775 1041 aliter

691 1085 961 1157 sentire
1042 1096 1308 1180 potest,
1400 1084 1748 1180 quicquid
1834 1086 2129 1158 tuendae
2214 1081 2775 1157 existimationis

690 1220 910 1270 causa
944 1197 1212 1270 dixerit
1246 1198 1323 1270 in
1359 1198 1832 1270 contrarium.

790 1312 888 1383 A.
944 1311 1202 1406 Itaque
1251 1311 1601 1406 angulum
1652 1320 2035 1384 contactus
2090 1310 2440 1406 angulum
2500 1307 2775 1402 simpli-

690 1424 877 1496 citer
913 1423 1191 1496 dictum
1224 1448 1372 1497 non
1408 1447 1591 1512 esse,
1619 1449 1708 1497 ex
1744 1449 1832 1496 eo
1868 1423 2328 1519 probandum
2365 1435 2546 1510 erat,
2579 1421 2774 1517 quod

690 1548 896 1610 recta
957 1535 1312 1609 circulum
1367 1548 1677 1633 tangens
1737 1537 2018 1610 nullum
2070 1535 2438 1610 abscindit
2497 1559 2772 1608 arcum.

691 1651 1062 1725 Wallisius
1109 1663 1356 1724 autem
1402 1651 1543 1723 hoc
1600 1652 1869 1746 partim
1930 1675 2020 1724 ex
2078 1649 2447 1735 PelitariO,
2503 1649 2776 1744 partim

691 1766 848 1862 ipse
883 1789 974 1838 ex
1025 1790 1112 1838 eo
1152 1765 1465 1861 probare
1500 1765 1682 1854 vult,
1720 1765 1958 1860 capite
1996 1777 2283 1859 quarto,
2322 1761 2522 1858 quod
2559 1761 2773 1834 lineae

690 1879 835 1953 illae
861 1904 1008 1952 non
1044 1891 1216 1951 sunt
1250 1904 1399 1951 una
1433 1878 1529 1952 ad
1568 1879 1875 1953 alteram
1911 1878 2303 1966 inclinatae,
2329 1899 2777 1972 quamquam

693 1993 868 2089 quid
903 1994 998 2066 sit
1034 1992 1411 2066 inclinatio
1446 1992 1689 2065 adhuc
1726 1993 2117 2067 nesciatur.
2215 1991 2774 2065 Inclinationem

691 2120 941 2179 autem
975 2106 1050 2178 in
1087 2106 1358 2202 angulo
1397 2117 1779 2180 contactus
1816 2105 2090 2178 nullam
2135 2129 2316 2193 esse,
2379 2105 2555 2178 satis
2615 2104 2774 2199 qui-

695 2218 886 2307 dem,
939 2218 1067 2291 sed
1116 2217 1663 2314 operationibus
1699 2242 1743 2290 a
1787 2229 1992 2290 motu
2046 2218 2386 2291 circulari
2442 2216 2777 2289 deductis

693 2331 993 2405 tandem
1030 2328 1513 2402 demonstrat.
1617 2329 1728 2401 Ex
1762 2354 1909 2425 quo
1947 2331 2128 2403 nihil
2184 2330 2383 2404 aliud
2440 2332 2774 2418 efficitur,

693 2456 1185 2541 praeterquam
1211 2443 1406 2537 quod
1432 2442 1744 2538 angulus
1780 2454 2163 2517 contactus
2198 2468 2347 2518 non
2375 2445 2470 2516 sit
2505 2443 2774 2538 angulo

695 2555 1121 2654 simpliciter
1151 2554 1349 2629 dicto
1378 2555 1899 2653 homogeneus.
1957 2556 2176 2632 Quod
2200 2556 2494 2653 quidem
2522 2582 2777 2629 verum

697 2682 830 2759 est,
892 2681 974 2742 ut
1035 2680 1282 2743 tamen
1351 2693 1608 2742 verum
1676 2695 1964 2767 quoque
2035 2672 2128 2744 sit
2203 2671 2398 2767 quod
2466 2671 2775 2765 angulus

699 2794 1085 2857 contactus
1154 2783 1249 2855 sit
1322 2807 1536 2856 verus
1612 2786 1947 2880 anguluS,
2018 2784 2358 2880 idemque
2435 2794 2775 2880 quantus,

699 2898 958 2994 Capite
1001 2897 1259 2993 quinto
1314 2897 1505 2971 idem
1560 2900 1824 2994 probat
1883 2899 2266 2972 Pelitarius
2319 2922 2407 2971 ex
2457 2923 2665 2995 prop.
2711 2907 2776 2970 1.

697 3010 928 3083 Elem.
990 3035 1077 3082 x.
1197 3009 1345 3082 Sed
1412 3012 1763 3106 angulum
1832 3012 2128 3085 omnino
2198 3036 2347 3085 non
2408 3035 2590 3100 esse,
2645 3023 2775 3084 aut

695 3124 971 3196 nullam
1026 3124 1295 3197 habere
1353 3125 1863 3221 quantitatem,
1924 3149 2073 3197 non
2132 3126 2415 3221 probat.
2522 3125 2778 3220 Capite

695 3250 904 3309 sexto
975 3236 1458 3332 respondetur
1518 3237 1612 3310 ad
1679 3248 2113 3333 argumenta
2181 3236 2775 3335 Clavii.—Ego,

695 3348 874 3422 dicit
910 3348 1223 3439 ClaviuS‚
1279 3349 1598 3448 angulo-s·
1646 3349 1815 3423 illos
1872 3349 2195 3445 ejusdem
2251 3374 2414 3423 esse
2467 3351 2778 3448 generis

692 3461 964 3558 negavi
990 3461 1131 3534 kae
1158 3460 1386 3535 solum
1410 3462 1502 3535 de
1528 3487 1780 3552 causa,
1804 3463 2007 3560 quod
2027 3461 2345 3560 angulus
2373 3472 2774 3551 contactus,

694 3573 1148 3670 quantumvis
1195 3574 1761 3671 multiplicatae,
1811 3574 2159 3673 angulum
2214 3585 2506 3649 acutum
2558 3577 2777 3648 recti-

696 3684 961 3758 lineum
1031 3710 1396 3784 superare
1462 3687 2127 3784 nequeat.—Quod
2204 3688 2498 3783 quidem
2559 3714 2776 3785 argu-

695 3811 1024 3872 mentum
1060 3800 1353 3871 firmum
1397 3813 1611 3890 esset,
1649 3800 1712 3872 si
1759 3800 1977 3873 modo
2032 3800 2341 3896 angulus
2394 3814 2777 3876 contactus

697 3922 887 3985 esset
954 3911 1221 4007 angulo
1291 3912 1669 3985 rectilineo
1736 3912 2256 4008 homogeneuS.
2392 3916 2524 3988 Est
2600 3940 2776 4013 ergo

697 4027 1194 4121 homogeneus
1251 4039 1380 4098 aut
1440 4026 1705 4098 nulluS.
1812 4025 2114 4098 Nullum
2168 4051 2323 4100 esse
2383 4030 2779 4125 respondet

698 4138 1094 4212 WallisiuS.
1200 4138 1568 4212 Quorsum
1628 4137 1855 4234 igitur
1910 4138 2179 4212 dicitur
2233 4141 2557 4239 angulus
2606 4167 2779 4215 con-

699 4265 962 4342 tactuS‚
1032 4252 1274 4348 potius
1344 4275 1566 4348 quam
1638 4263 1994 4350 punctum
2063 4252 2500 4327 contactus?
2632 4255 2778 4328 Sed

698 4388 934 4459 neque
968 4366 1087 4439 ille
1136 4368 1411 4441 nullum
1476 4389 1636 4441 esse
1685 4366 2235 4458 demonstravit,
2284 4367 2425 4441 ⁴sed
2452 4378 2776 4441 :tantum
