3094 5125
312 711 447 752 cAP.
470 712 601 753 vm.

317 781 602 814 s--f-—ae

327 839 395 883 De
416 839 592 897 angulo.

686 503 832 571 406
1000 518 1107 568 DE
1147 516 1606 569 PRINCIPIIS
1646 516 1748 567 ET
1786 512 2509 566 RATloclNATIONE

686 680 865 754 culis
900 682 1247 778 integris;
1283 705 1702 779 quanquam
1734 704 1948 756 arcus
1975 681 2124 754 ΒΜ
2152 682 2386 777 major
2418 681 2518 753 sit
2544 704 2767 776 quam

686 794 847 867 BN.

785 906 1172 996 Praeterea‚
1211 908 1286 980 in
1315 908 1574 981 eodem
1611 906 1911 996 circu10,
1940 931 2088 1003 quo
2123 907 2365 981 minor
2398 918 2512 981 est
2545 930 2762 980 arcus

684 1045 772 1094 eo
805 1023 1165 1094 minorem
1198 1022 1423 1095 habet
1469 1022 1932 1109 curvitatem,
1968 1022 2047 1093 in
2099 1021 2386 1094 ratione
2437 1022 2763 1117 ipsorum

684 1158 1010 1224 arcuum,
1049 1134 1173 1230 qui
1220 1136 1297 1207 in
1349 1136 1547 1208 omni
1604 1146 1878 1231 puncto
1915 1134 2298 1231 aequaliter
2341 1134 2760 1222 flectuntur,

685 1248 836 1320 sive
872 1247 1374 1321 incurvantur.

785 1362 1186 1451 Postremo,
1214 1375 1479 1435 natura
1512 1361 1761 1457 anguli
1788 1384 2008 1456 quem
2040 1360 2325 1434 faciunt
2361 1360 2509 1433 duo
2547 1382 2759 1433 arcus

685 1474 842 1563 BA,
897 1474 1051 1563 BD,
1111 1499 1261 1548 non
1329 1476 1665 1548 consistit
1729 1474 1805 1546 in
1871 1475 2284 1571 quantitate
2354 1473 2759 1570 superficiei

683 1612 902 1686 quam
961 1588 1343 1661 continent
1372 1616 1388 1660 ε
1445 1612 1618 1661 nam
1673 1587 1923 1683 anguli
1986 1588 2358 1684 quantitas
2417 1585 2760 1659 determi-

681 1714 878 1792 nata,
914 1702 1333 1798 superficies
1378 1701 1502 1774 illa
1551 1701 2118 1774 indeterminata
2168 1713 2305 1774 est.
2413 1698 2760 1772 Similiter

681 1839 918 1912 neque
986 1815 1319 1889 consistit
1386 1827 1651 1888 natura
1705 1814 1979 1911 anguli,
2037 1839 2252 1911 quern
2313 1813 2493 1887 facit
2556 1823 2762 1885 recta

685 1927 810 2000 BL
845 1952 1012 2000 cum
1059 1952 1237 2001 arcu
1289 1929 1460 2017 ΒΜ,
1496 1928 1573 2000 in
1610 1928 1993 2024 superficie
2023 1925 2423 2014 indefinita,
2463 1925 2580 1998 cui
2614 1924 2759 1998 illae

685 2038 848 2111 duae
880 2040 1090 2112 lineae
1124 2042 1467 2136 utrinque
1504 2040 1824 2113 adstant.

785 2157 830 2191 ‘⁶
855 2153 942 2225 In
978 2177 1123 2249 quo
1148 2155 1394 2248 ergo'',
1429 2154 1735 2250 inquieS‚
1772 2158 1819 2192 “
1843 2150 2179 2225 consistit
2213 2161 2479 2223 natura
2511 2148 2762 2244 anguli

686 2278 1070 2340 contactus
1106 2266 1416 2339 duorum
1450 2291 1779 2355 arcuum,
1802 2266 1917 2338 vel
1953 2288 2166 2338 arcus
2201 2277 2277 2336 et
2310 2262 2615 2335 rectae?'’
2669 2261 2761 2334 ln

686 2403 798 2468 en,
837 2378 1035 2475 quod
1077 2380 1386 2475 angulus
1432 2378 1554 2451 ille
1602 2379 2042 2451 determinat
2078 2376 2561 2473 quantitatem
2595 2399 2761 2448 cur-

684 2492 981 2565 vitatis:
1035 2504 1122 2564 ut
1174 2515 1264 2562 ex
1314 2490 1532 2562 modo
1582 2489 1796 2562 dictis
1842 2502 2095 2586 aperte
2143 2502 2458 2561 constat.
2565 2489 2758 2561 Nam

686 2629 853 2678 cum
891 2604 1034 2677 duo
1063 2628 1274 2677 arcus
1298 2603 1451 2690 BD,
1478 2602 1607 2674 BA
1635 2603 1781 2676 sint
1814 2627 2016 2699 aeque
2046 2602 2272 2691 curvi,
2303 2615 2520 2676 erunt
2540 2603 2761 2675 etiam

687 2741 897 2790 arcus
933 2717 1107 2805 ΒΜ,
1137 2717 1272 2789 ΒΝ
1307 2717 1462 2813 (qui
1496 2727 1665 2789 sunt
1690 2730 1776 2789 ut
1804 2741 2015 2790 arcus
2043 2717 2174 2790 BD
2202 2716 2297 2789 ad
2325 2740 2576 2789 arcum
2605 2716 2763 2809 BA)

687 2854 890 2925 aeque
938 2830 1166 2903 curvi.
1269 2832 1363 2904 Et
1399 2831 1572 2926 quia
1607 2854 1819 2903 arcus
1865 2831 2011 2903 ΒΜ
2048 2830 2271 2926 duplo
2307 2831 2601 2903 curvior
2645 2842 2762 2903 est

687 2967 818 3014 sua
866 2945 1186 3032 semisse,
1227 2958 1408 3040 puta
1452 2968 1629 3017 arcu
1666 2945 1818 3033 ΒΟ,
1857 2945 1996 3018 erit
2032 2968 2319 3040 quoque
2374 2967 2586 3017 arcus
2622 2943 2759 3017 BN

687 3056 909 3151 duplo
937 3058 1226 3130 curvior
1251 3081 1468 3153 quam
1495 3069 1606 3130 est
1642 3057 1835 3130 idem
1862 3082 2075 3130 arcus
2105 3058 2234 3130 ΒΟ
2264 3058 2405 3130 sibi
2437 3057 2757 3154 aequaliS.

685 3170 931 3265 Atque
966 3170 1162 3243 idem
1197 3171 1495 3265 omnino
1523 3171 1903 3266 continget
1935 3171 2013 3244 in
2042 3171 2245 3244 omni
2279 3171 2423 3244 alia
2453 3194 2760 3267 propor-

686 3282 886 3354 tione
921 3307 1135 3356 arcus
1172 3284 1557 3357 exterioris
1593 3283 1688 3356 ad
1724 3284 2176 3357 interiorem.

785 3395 1043 3490 Itaque
1079 3420 1288 3468 arcus
1323 3397 1429 3469 illi
1465 3397 1591 3492 qui
1624 3397 1974 3492 angulum
2004 3407 2384 3470 contactus
2413 3395 2763 3469 dicuntur

685 3508 991 3597 efficere,
1030 3508 1228 3580 aliud
1263 3534 1411 3582 non
1458 3523 1632 3583 sunt
1687 3510 2068 3605 (quoniam
2116 3511 2438 3582 curvitas
2493 3510 2753 3605 major,

683 3622 800 3694 vel
833 3622 1096 3711 minor,
1129 3622 1246 3693 vel
1280 3625 1602 3718 aequaliS‚
1638 3624 1851 3697 alteri
1899 3624 2243 3697 curvitati
2285 3647 2443 3697 esse
2477 3624 2753 3720 potest)

685 3759 903 3831 quam
941 3734 1307 3832 quantitas
1336 3737 1747 3810 curvedinis
1783 3737 2411 3810 circumferentiae.
2500 3736 2758 3832 Itaque

684 3849 1031 3944 angulum
1101 3858 1503 3938 contactuS‚
1575 3874 1794 3945 quem
1871 3851 2221 3946 angulum
2288 3848 2434 3922 dici
2500 3850 2762 3922 volunt

681 3975 1101 4055 geometrae,
1133 3963 1236 4034 sic
1265 3961 1570 4034 definio:
1607 3960 1942 4061 Aug-ulus
1968 3972 2348 4036 contactus
2382 3972 2497 4035 est
2530 3987 2763 4060 quan-

684 4075 866 4147 tita-s·
901 4075 1288 4147 curvitatis
1314 4100 1472 4171 quoe
1506 4085 1619 4147 est
1645 4075 1719 4147 in
1746 4099 1929 4147 arcu
1962 4074 2472 4170 circulisacta
2507 4100 2557 4148 a
2590 4099 2760 4148 con-

683 4188 888 4261 tinua
920 4199 996 4261 et
1019 4188 1711 4285 unfformifleoeione
1744 4188 1953 4262 Zineoe
1986 4199 2235 4262 rectoe.

785 4302 1128 4397 Sequitur
1161 4301 1357 4390 hinc,
1386 4302 1461 4373 in
1497 4316 1771 4397 puncto
1806 4303 2043 4398 primo
2070 4313 2293 4376 rectae
2316 4302 2463 4392 BL,
2493 4324 2758 4396 nempe

684 4426 957 4509 puncto
994 4416 1078 4505 B,
1115 4415 1240 4488 ubi
1295 4416 1496 4489 nulla
1547 4415 1859 4513 intelligi
1909 4428 2158 4512 potest
2205 4415 2442 4506 flexio,
2477 4415 2758 4488 nullam
