3094 5125
727 467 870 535 514
1275 480 1846 545 QUADRATURA
1863 492 1868 497 ·
1884 479 2254 547 cmeULI,

302 670 386 727 ,ῳ
410 670 693 715 nomn.
721 648 951 722 lineas
991 648 1107 742 (ut
1140 647 1358 723 modo
1394 647 1578 743 dixi)
1629 670 1875 745 puraS,
1932 646 2009 722 id
2064 658 2178 722 est
2230 644 2564 729 nihilias;
2597 650 2836 740 'quas

721 761 1044 835 calculus
1076 763 1569 857 geometricus
1601 785 1752 836 non
1787 761 2074 857 recipit.
2173 760 2452 848 Tertio,
2489 758 2675 853 quia
2730 781 2828 829 ex

722 874 1008 948 duabus
1040 875 1262 949 rectis
1295 876 1444 962 AZ,
1467 876 1590 964 Ze,
1624 875 2086 971 longitudine
2112 874 2542 970 aequalibus,
2576 871 2829 944 altera

721 989 849 1065 AZ
883 1012 1055 1062 vere
1089 999 1165 1063 et
1198 990 1497 1086 proprie
1530 1001 1643 1064 est
1682 989 2220 1085 rectangulum,
2255 988 2492 1061 altera
2524 986 2634 1058 Zc
2667 995 2827 1058 tra-

721 1102 1038 1198 pezium.
1144 1103 1358 1192 Item,
1392 1114 1615 1177 rectae
1669 1127 1922 1177 omnes
1957 1127 2120 1198 qnae
2151 1113 2518 1175 vocantur
2576 1101 2830 1173 latera

724 1214 1284 1310 triangulorum,
1320 1228 1491 1289 sunt
1545 1228 1623 1288 et
1675 1216 1850 1312 ipsae
1885 1214 2279 1311 triangula.
2386 1215 2714 1302 Quarto,
2753 1224 2831 1285 et

722 1328 1111 1424 praecipue,
1134 1329 1307 1425 quia
1340 1329 1809 1403 arithmetica
1835 1329 2066 1403 nihilo
2093 1328 2327 1424 magis
2352 1329 2695 1424 pertinet
2730 1325 2827 1399 ad

721 1441 1224 1534 geometriam,
1255 1466 1474 1537 quam
1520 1440 1617 1513 ad
1673 1441 1893 1515 aliam
1943 1441 2346 1535 quamlibet
2398 1440 2827 1513 scientiam.

668 1610 673 1623 .
724 1552 814 1626 In
846 1555 1273 1650 geometria,
1296 1554 1499 1628 nulla
1524 1567 1640 1627 est
1665 1553 1901 1642 radix,
1927 1554 2208 1627 nullum
2241 1555 2609 1649 quotiens,
2680 1554 2827 1626 Ita·

725 1689 869 1762 que
903 1666 1029 1763 qui
1081 1691 1171 1740 ex
1206 1668 1755 1764 operationibus
1809 1668 2296 1742 arithmeticis
2353 1669 2832 1742 theoremata

722 1780 1175 1876 geometrica
1230 1781 1733 1856 demonstrare
1778 1782 1964 1857 velle
2019 1780 2459 1872 didicerunt,
2509 1804 2829 1879 operam

724 1905 800 1968 et
837 1904 1127 1990 tempus
1159 1894 1665 1991 perdiderunt.

827 2008 1498 2103 Quantumcunque
1527 2020 1773 2081 autem
1801 2009 1878 2080 in
1905 2010 2228 2083 numeris
2252 2010 2348 2082 sit
2371 2006 2826 2105 quadratum

724 2120 819 2193 ab
856 2118 994 2209 Ae,
1032 2132 1270 2194 rectas
1304 2135 1554 2194 tamen
1591 2121 1738 2210 AZ,
1767 2121 1890 2208 Ze,
1926 2121 2142 2195 simul
2176 2133 2529 2217 sumptaS,
2566 2144 2822 2216 aequa-

725 2232 833 2306 les
865 2255 1025 2307 esse
1069 2233 1274 2307 arcui
1327 2233 1475 2324 BC,
1512 2235 1590 2309 in
1644 2233 2223 2330 praecedentibus
2276 2236 2453 2309 satis
2509 2233 2823 2307 demon-

726 2357 1040 2422 stratum
1070 2358 1205 2421 est.

831 2460 1191 2534 Caeterum
1229 2460 1430 2555 erige
1464 2459 1814 2549 animum,
1838 2459 2239 2535 Professor.
2292 2461 2577 2533 Nuntio
2617 2458 2820 2532 enim

727 2573 889 2664 tibi,
946 2574 1088 2648 nisi
1143 2573 1552 2671 diagonalis
1585 2574 1719 2649 AG
1774 2585 1852 2646 et
1904 2587 2111 2649 recta
2143 2574 2238 2648 Bi
2283 2574 2392 2647 ita
2424 2596 2501 2646 se
2555 2587 2819 2646 mutuo

727 2700 1003 2774 secent,
1047 2699 1133 2759 ut
1193 2711 1284 2761 ex
1332 2699 1648 2782 quatuor
1688 2688 2020 2784 partibus
2069 2688 2411 2778 maxima,
2450 2711 2616 2783 quae
2670 2701 2821 2759 ter-

726 2800 1053 2873 minatur
1088 2800 1163 2871 in
1198 2799 1252 2888 i,
1288 2800 1385 2872 sit
1419 2823 1676 2873 secans
1713 2809 1809 2875 30
1843 2801 2206 2898 graduum
2240 2812 2707 2896 sumptorum
2743 2797 2821 2868 in

726 2937 906 2988 arcu
944 2912 1103 3004 1303
1156 2924 1231 2987 et
1264 2913 1601 3009 proxima
1632 2913 1764 3003 illi,
1803 2939 1966 3011 quae
2014 2914 2451 2988 terminatur
2483 2914 2564 2986 in
2598 2914 2690 3001 G,
2725 2910 2819 2983 sit

728 3027 931 3106 sinus
957 3050 1168 3100 arcus
1202 3035 1300 3102 60
1327 3027 1684 3123 graduum
1725 3028 1801 3103 in
1836 3027 2095 3101 eodem
2124 3028 2402 3101 circulo
2432 3061 2452 3113 ;
2490 3038 2570 3099 et
2600 3047 2817 3124 prox-

728 3141 879 3214 ima
902 3141 1099 3231 huic,
1138 3165 1301 3238 quae
1336 3141 1775 3214 terminatur
1806 3143 1885 3214 in
1921 3142 2008 3229 B,
2044 3142 2142 3214 sit
2174 3141 2433 3215 secans
2466 3162 2684 3214 arcus
2721 3143 2833 3210 30·

727 3253 1090 3351 graduum
1135 3256 1211 3326 in
1266 3254 1541 3327 circulo
1590 3256 1797 3352 cujus
1851 3254 2101 3328 radius
2163 3267 2281 3329 est
2340 3255 2478 3352 Bq,
2511 3254 2631 3328 vel
2663 3255 2833 3328 Aet·
2882 3303 2895 3319 .
2975 3253 2982 3270 '

729 3378 807 3450 et
832 3367 1134 3441 minima
1160 3375 1325 3462 quae
1352 3365 1790 3440 terminatur
1816 3368 1891 3440 in
1921 3367 2017 3456 A,
2045 3368 2139 3441 sit
2166 3369 2368 3442 sinus
2402 3391 2615 3441 arcus
2651 3388 2818 3464 gra-

731 3480 960 3553 duum
994 3487 1093 3554 60
1127 3480 1205 3552 in
1242 3479 1501 3552 eodem
1538 3479 1834 3570 circu10,
1865 3483 2073 3578 cujus
2107 3482 2356 3555 radius
2390 3495 2506 3556 est
2539 3482 2672 3579 Bq,
2700 3474 2816 3550 vel

700 3594 889 3677 ·Ae;
942 3591 1189 3667 omnia
1222 3615 1385 3686 quae
1431 3593 1509 3666 in
1566 3592 2151 3689 praecedentibns
2185 3596 2384 3668 visus
2437 3618 2600 3667 sum
2633 3587 2814 3665 mihi

735 3707 1298 3793 demonstrasse,
1326 3706 1511 3780 falsa
1531 3731 1712 3781 esse.
1769 3707 2210 3804 Dependent
2234 3709 2431 3780 enim
2465 3731 2511 3780 a
2540 3726 2811 3803 praece·

734 3821 1074 3902 dentibus
1108 3844 1303 3895 nexu
1338 3821 1777 3906 necessario,
1806 3834 1884 3893 et
1915 3821 2128 3894 facile
2164 3822 2336 3895 inde
2364 3820 2626 3894 deduci
2653 3839 2810 3916 pos-

733 3947 907 4010 sunt
964 3959 1010 4008 a
1066 3933 1422 4008 mediocri
1482 3948 1882 4029 geometra.
2008 3936 2419 4033 Accingere
2476 3959 2653 4031 ergo
2714 3927 2809 4005 ad

733 4072 940 4144 spem
998 4071 1285 4137 novam,
1348 4058 1422 4121 et
1472 4048 1895 4142 geometriae
1946 4060 2097 4123 tuae
2156 4072 2419 4124 nervos
2472 4048 2565 4143 (si
2632 4065 2810 4144 quos

731 4161 988 4257 habet)
1028 4161 1331 4236 intende
1366 4185 1642 4236 omnes,

838 4275 1144 4349 Quaeres
1227 4275 1538 4349 fortasse
1617 4274 2083 4350 dissensionis
2169 4279 2366 4351 inter
2452 4275 2809 4348 calculum

735 4389 1280 4464 arithmeticum
1338 4401 1415 4462 et
1466 4390 1994 4487 geometricum
2051 4416 2215 4488 quae
2264 4392 2359 4465 sit
2420 4413 2682 4475 causa;
2738 4402 2810 4459 et

736 4530 983 4580 meum
1017 4532 1174 4584 esse
1212 4506 1408 4581 dices
1452 4511 1645 4606 (quae
1681 4524 1791 4585 est
1834 4523 1962 4585 tua
1988 4514 2305 4609 justitia)
2353 4535 2647 4586 oausam
2701 4534 2805 4584 as-
