3094 5125
937 508 1496 559 PROBLEMATA
1536 507 1926 559 Panch.
2330 494 2474 559 359

497 674 596 747 A.
651 673 730 747 Si
765 674 872 746 ita
899 685 1034 762 est,
1071 698 1220 747 non
1256 697 1438 771 opus
1474 684 1584 746 est
1620 686 1706 747 ut
1741 686 1815 747 te
1861 673 2311 768 interrogem
2348 697 2478 746 cur
2564 705 2699 744 car.
2731 703 2839 745 vn.

396 787 742 861 limatura
785 788 987 877 ferri,
1038 788 1382 884 imposita
1435 788 1762 884 magneti
1812 786 1890 859 in
1939 786 2288 859 distantia
2319 789 2479 883 qui-
2506 771 2849 886 „om

398 901 566 976 dem
621 904 712 975 ab
774 902 1001 999 ipsius
1054 903 1242 999 polis
1294 902 1638 999 utrinque
1695 901 1980 998 aequali,
2028 902 2307 997 jacebit
2359 901 2479 974 axi
2505 894 2793 952 ⁹²⁰⁶³⁰¹²¹⁸¹³⁹
2821 899 2904 938 ω·

397 1016 787 1113 parallela:
821 1015 898 1089 in
932 1016 1091 1090 aliis
1127 1030 1371 1089 autem
1398 1017 1579 1090 locis
1606 1015 2079 1089 inclinabitur
2105 1014 2199 1088 ad
2228 1014 2478 1110 polum

398 1130 761 1226 magnetis
811 1129 947 1203 sibi
1001 1130 1439 1226 proximum.
1543 1131 1702 1203 Nec
1751 1153 2000 1225 quare,
2047 1129 2109 1202 si
2162 1128 2478 1202 obelisco

398 1243 636 1317 ferreo
671 1267 968 1338 magnes
1014 1243 1389 1316 affricetur
1429 1242 1658 1316 ductu
1707 1244 2083 1331 continuo,
2122 1242 2480 1316 obeliscus

400 1356 522 1430 ille
556 1355 851 1429 eosdem
886 1354 1186 1427 habebit
1219 1355 1446 1450 polos.
1585 1356 1843 1452 Neque
1888 1379 2020 1428 cur
2069 1378 2369 1451 magnes
2405 1368 2483 1427 et

401 1470 701 1556 ferrum,
736 1470 888 1541 sive
942 1467 1088 1542 duo
1133 1478 1534 1564 magneteS‚
1572 1492 1791 1566 super
1832 1492 2098 1564 aquam
2141 1477 2482 1540 natantes

402 1583 592 1656 alter
624 1582 718 1655 ad
753 1581 1064 1654 alterum
1097 1581 1203 1654 ita
1235 1605 1313 1654 se
1367 1582 1709 1678 applicet,
1744 1595 1831 1654 ut
1877 1605 2134 1655 eorum
2180 1581 2335 1654 axis
2384 1581 2485 1653 sit

405 1695 836 1783 communis,
896 1707 971 1768 et
1033 1694 1185 1791 poli
1244 1695 1514 1769 similes
1584 1696 1659 1768 in
1728 1696 2059 1768 eandem·
2106 1695 2483 1791 regionem

406 1818 781 1904 spectent;
834 1819 910 1881 et
942 1832 1074 1905 per
1115 1831 1565 1904 consequens
1607 1807 1876 1881 similes
1908 1809 2061 1905 poli
2096 1833 2173 1882 se
2225 1818 2483 1882 mutuo

408 1920 786 2018 repellant.
912 1922 1106 1996 Nam
1143 1922 1389 1996 omnia
1424 1923 1585 1996 haec
1619 1922 1797 1996 oriri
1850 1932 2161 2018 possunt
2193 1922 2287 1995 ab
2321 1921 2485 1994 uni-

409 2058 546 2109 one
576 2045 930 2110 motuum.
