3094 5125
262 696 401 738 CAP·
431 698 522 740 111.

252 765 539 800 κ--γ--α

278 823 348 868 De
366 839 519 870 vacuo.

627 491 772 556 318
1176 506 1735 560 PRoBLnMA'rA
1770 508 2157 562 PanmA.

727 671 824 744 B.
882 671 960 745 Si
997 670 1144 745 duo
1177 673 1421 769 plana,
1459 673 1667 763 dura,
1704 674 1933 770 polita
1978 699 2314 772 corpora,
2371 686 2454 749 ut
2513 699 2711 750 mar-

620 806 851 873 mora,
939 785 1394 859 collocentur
1467 810 1700 859 unum
1770 809 1991 884 supra
2054 787 2389 877 alterum,
2450 788 2556 861 ita
2624 801 2712 862 ut

622 920 875 970 eorum
953 899 1374 994 superficies
1447 923 1525 972 se
1591 912 1850 973 mutuo
1917 923 2051 996 per
2117 900 2366 972 omnia
2432 913 2712 995 puncta

623 1025 899 1099 exacte,
935 1021 1290 1106 quantum
1340 1011 1501 1084 fieri
1541 1024 1813 1108 potest,
1852 1013 2336 1109 contingant:
2389 1013 2515 1086 illa
2548 1013 2708 1087 sine

619 1147 888 1219 magna
915 1124 1346 1197 difficultate
1381 1125 1485 1197 ita
1513 1125 1761 1198 divelli
1788 1150 1939 1199 non
1965 1139 2301 1222 possunt,
2337 1137 2420 1200 ut
2445 1127 2706 1200 eodem

620 1238 938 1310 instante
972 1261 1106 1335 per
1150 1239 1398 1312 omnia
1442 1252 1724 1334 puncta
1774 1239 2235 1312 dirimantur.
2337 1240 2704 1312 Verunta-

617 1374 786 1423 men
823 1375 1187 1425 marmora
1234 1352 1511 1441 eadem,
1572 1352 1634 1425 si
1681 1353 2087 1426 communis
2147 1376 2400 1426 eorum
2456 1376 2707 1449 super-

619 1464 820 1537 ficies
854 1463 950 1537 ad
982 1465 1442 1538 horizontem
1478 1465 1829 1561 erigatur,
1865 1476 1996 1538 aut
2037 1488 2189 1538 non
2233 1465 2446 1538 valde
2492 1464 2702 1538 incli-

616 1588 884 1650 netur:
938 1579 1251 1651 alterum
1286 1579 1378 1651 ab
1420 1579 1654 1651 altero
1690 1577 2056 1668 facillime,
2110 1590 2197 1651 ut
2256 1578 2420 1667 scis,
2477 1579 2701 1652 etiam

617 1690 770 1764 solo
805 1691 1128 1788 pondere
1164 1691 1604 1765 dilabentur.
1709 1692 1978 1766 Nonne
2035 1716 2255 1766 causa
2313 1693 2531 1789 hujus
2592 1692 2700 1765 rei

615 1804 775 1877 haec
823 1816 976 1878 est:
1043 1804 1241 1901 quod
1295 1804 1574 1877 labenti
1627 1806 1974 1879 marmori
2028 1805 2357 1879 succedit
2413 1828 2561 1892 aer,
2620 1816 2700 1878 et

613 1917 952 1992 relictum
986 1918 1227 1991 locum
1266 1941 1555 2014 semper
1588 1917 1846 2015 implet
1881 1918 1906 1989 ἓ

713 2031 807 2105 A.
861 2030 1301 2105 Certissime.
1392 2029 1593 2105 Quid
1627 2030 1856 2127 ergo?

712 2142 807 2216 B.
864 2144 1181 2219 Quando
1229 2167 1405 2216 vero
1454 2142 1712 2216 eadem
1773 2168 1922 2218 uno
1976 2144 2297 2217 instante
2353 2143 2697 2217 divellere

612 2256 921 2346 conaris,
992 2281 1240 2330 nonne
1300 2257 1535 2330 multo
1592 2257 1829 2352 major
1889 2257 1996 2330 vis
2052 2256 2468 2330 adhibenda
2526 2256 2694 2330 est?

615 2369 855 2444 Quam
892 2370 987 2447 ob
1023 2393 1313 2443 causam
1346 2370 1371 2443 ἓ

713 2483 811 2557 Α.
864 2482 1047 2577 Ego,
1078 2492 1153 2554 et
1185 2504 1476 2554 mecum
1507 2492 1688 2578 puto
1723 2506 1977 2556 omnes
2003 2506 2300 2556 causam
2335 2493 2691 2574 statuunt,

609 2596 807 2693 quod
841 2596 1157 2691 spatium
1194 2607 1431 2668 totum
1469 2595 1664 2668 inter
1699 2595 1844 2670 duo
1864 2597 1992 2671 illa
2017 2620 2387 2669 marmora
2410 2597 2694 2671 divulsa

610 2709 825 2781 simul
859 2733 1007 2781 uno
1040 2708 1362 2781 instante
1397 2709 1699 2805 implere
1733 2733 1860 2783 aer
1893 2735 2043 2784 non
2075 2720 2347 2807 potest,
2378 2724 2693 2807 quanta-

613 2845 898 2917 cunque
934 2820 1309 2894 celeritate
1344 2822 1477 2894 fiat
1511 2821 1846 2896 divulsio.

706 2936 805 3008 B.
857 2936 975 3008 An
1012 2935 1137 3031 qui
1171 2935 1410 3031 spatia
1443 2936 1521 3009 in
1555 2960 1723 3009 aere
1752 2935 1911 3009 dari
1942 2959 2175 3008 vacua
2207 2935 2686 3026 contendunt,

607 3049 684 3122 in
718 3049 843 3123 illo
876 3074 1045 3122 aere
1079 3049 1237 3123 solo
1274 3048 1434 3122 dari
1468 3061 1742 3145 negant
1773 3050 1900 3147 qui
1933 3073 2300 3123 marmora
2340 3049 2467 3124 illa
2510 3076 2688 3125 con-

596 3164 858 3259 juncta
890 3162 1321 3236 circundat?

703 3278 802 3349 A.
858 3266 1205 3365 Minime,
1226 3276 1355 3350 sed
1387 3277 1659 3374 ubique
1693 3275 2161 3373 interspersa.

701 3387 796 3461 B.
843 3389 1038 3462 Dum
1088 3414 1265 3486 ergo
1306 3389 1414 3463 illi
1464 3390 1590 3487 qui
1640 3412 1963 3462 marmor
2012 3412 2242 3462 unum
2302 3389 2395 3463 ab
2451 3391 2682 3465 altero

600 3501 1031 3575 revellentes
1067 3525 1311 3575 aerem
1358 3502 1873 3599 comprimunt,
1921 3513 1999 3575 et
2043 3525 2177 3597 per
2230 3525 2681 3599 consequens

600 3637 909 3687 vacuum
946 3614 1389 3710 exprimunt,
1425 3637 1739 3688 vacuum
1772 3613 2053 3687 faciunt
2096 3613 2341 3686 locum
2394 3639 2526 3711 per
2571 3640 2683 3688 re-

600 3728 1005 3801 vulsionem
1063 3727 1446 3801 relictum:
1510 3727 1713 3801 nulla
1772 3750 1949 3822 ergo
2007 3728 2485 3825 separationis
2541 3729 2682 3802 erit

601 3840 1012 3927 difficultas,
1060 3839 1319 3913 saltem
1365 3865 1516 3914 non
1571 3841 1804 3936 major
1855 3864 2074 3935 quam
2122 3850 2234 3914 est
2294 3841 2680 3915 difficultas

600 3978 910 4050 corpora
942 3952 1200 4027 eadem
1234 3953 1578 4027 movendi
1612 3953 1690 4027 in
1726 3977 1894 4027 aere
1921 3967 2306 4050 postquam
2343 3966 2680 4050 separata

595 4068 894 4142 fuerint.
947 4068 1207 4164 Itaque
1233 4067 1603 4162 quoniam,
1632 4091 1980 4142 concesso
2006 4093 2263 4155 vacuo,
2288 4067 2679 4142 difficultas

596 4205 963 4255 marmora
1017 4181 1141 4254 illa
1202 4180 1593 4254 dirimendi
1651 4181 1855 4255 nulla
1911 4191 2066 4255 est:
2136 4182 2486 4278 sequitur,
2544 4205 2677 4277 per

596 4293 1046 4367 difficultatis
1081 4292 1631 4390 experientiam,
1668 4293 1947 4366 nullum
1986 4316 2143 4367 esse
2178 4318 2515 4368 vacuum.

691 4407 788 4481 A.
844 4407 1073 4481 Recte
1140 4406 1436 4503 quidem
1505 4407 1686 4481 illud
1740 4406 1986 4481 inferS.
2101 4407 2366 4483 Mundi
2425 4416 2671 4481 autem
