<?xml version="1.0" encoding="UTF-8"?>
<!DOCTYPE html PUBLIC "-//W3C//DTD XHTML 1.0 Transitional//EN"
    "http://www.w3.org/TR/xhtml1/DTD/xhtml1-transitional.dtd">
<html xmlns="http://www.w3.org/1999/xhtml" xml:lang="en" lang="en">
 <head>
  <title>
</title>
<meta http-equiv="Content-Type" content="text/html;charset=utf-8" />
  <meta name='ocr-system' content='tesseract 3.04.00' />
  <meta name='ocr-capabilities' content='ocr_page ocr_carea ocr_par ocr_line ocrx_word'/>
</head>
<body>
  <div class='ocr_page' id='page_1' title='image "./thomhobbesmalme02molegoog_0231.png"; bbox 0 0 3094 5125; ppageno 0'>
   <div class='ocr_carea' id='block_1_1' title="bbox 852 484 2472 552">
    <p class='ocr_par' dir='ltr' id='par_1_1' title="bbox 852 484 2472 552">
     <span class='ocr_line' id='line_1_1' title="bbox 852 484 2472 552; baseline 0 -3"><span class='ocrx_word' id='word_1_1' title='bbox 852 498 1480 552; x_wconf 72' lang='lat' dir='ltr'>MATHEMATmAE</span> <span class='ocrx_word' id='word_1_2' title='bbox 1521 499 2006 552; x_wconf 75' lang='lat' dir='ltr'>nonmRNAE.</span> <span class='ocrx_word' id='word_1_3' title='bbox 2325 484 2472 550; x_wconf 85' lang='lat'>219</span> 
     </span>
    </p>
   </div>
   <div class='ocr_carea' id='block_1_2' title="bbox 393 665 2850 4496">
    <p class='ocr_par' dir='ltr' id='par_1_2' title="bbox 393 665 2850 3339">
     <span class='ocr_line' id='line_1_2' title="bbox 393 665 2850 764; baseline -0.003 -26"><span class='ocrx_word' id='word_1_4' title='bbox 393 665 569 738; x_wconf 88' lang='lat' dir='ltr'>facti</span> <span class='ocrx_word' id='word_1_5' title='bbox 634 689 681 739; x_wconf 88' lang='lat' dir='ltr'>a</span> <span class='ocrx_word' id='word_1_6' title='bbox 746 667 1176 762; x_wconf 87' lang='lat' dir='ltr'>rectangulo</span> <span class='ocrx_word' id='word_1_7' title='bbox 1247 665 1393 743; x_wconf 89' lang='lat' dir='ltr'>DG</span> <span class='ocrx_word' id='word_1_8' title='bbox 1463 680 1575 741; x_wconf 90' lang='lat' dir='ltr'>est</span> <span class='ocrx_word' id='word_1_9' title='bbox 1641 668 1719 740; x_wconf 93' lang='lat' dir='ltr'>in</span> <span class='ocrx_word' id='word_1_10' title='bbox 1785 668 2005 764; x_wconf 94' lang='lat' dir='ltr'>plano</span> <span class='ocrx_word' id='word_1_11' title='bbox 2075 677 2322 739; x_wconf 88' lang='lat' dir='ltr'>erecto</span> <span class='ocrx_word' id='word_1_12' title='bbox 2378 666 2473 739; x_wconf 91' lang='lat' dir='ltr'>ad</span> <span class='ocrx_word' id='word_1_13' title='bbox 2546 688 2850 734; x_wconf 66' lang='lat' dir='ltr'>nummus</span> 
     </span>
     <span class='ocr_line' id='line_1_3' title="bbox 396 772 2845 878; baseline 0 -27"><span class='ocrx_word' id='word_1_14' title='bbox 396 779 725 851; x_wconf 89' lang='lat' dir='ltr'>chartam</span> <span class='ocrx_word' id='word_1_15' title='bbox 759 778 834 851; x_wconf 95' lang='lat' dir='ltr'>in</span> <span class='ocrx_word' id='word_1_16' title='bbox 872 784 975 868; x_wconf 77' lang='grc' dir='ltr'>Ζζ,</span> <span class='ocrx_word' id='word_1_17' title='bbox 1011 792 1089 852; x_wconf 87' lang='lat' dir='ltr'>et</span> <span class='ocrx_word' id='word_1_18' title='bbox 1139 780 1522 876; x_wconf 89' lang='lat' dir='ltr'>utriusque</span> <span class='ocrx_word' id='word_1_19' title='bbox 1573 791 1911 852; x_wconf 86' lang='lat' dir='ltr'>centrum</span> <span class='ocrx_word' id='word_1_20' title='bbox 1959 778 2345 876; x_wconf 90' lang='lat' dir='ltr'>gravitatis</span> <span class='ocrx_word' id='word_1_21' title='bbox 2397 779 2476 852; x_wconf 94' lang='lat' dir='ltr'>in</span> <span class='ocrx_word' id='word_1_22' title='bbox 2557 772 2845 878; x_wconf 38' lang='lat' dir='ltr'>*L</span> 
     </span>
     <span class='ocr_line' id='line_1_4' title="bbox 395 891 2479 991; baseline 0 -28"><span class='ocrx_word' id='word_1_23' title='bbox 395 905 601 964; x_wconf 88' lang='lat' dir='ltr'>recta</span> <span class='ocrx_word' id='word_1_24' title='bbox 634 915 799 986; x_wconf 85' lang='lat' dir='ltr'>quae</span> <span class='ocrx_word' id='word_1_25' title='bbox 834 891 1011 965; x_wconf 86' lang='lat' dir='ltr'>facit</span> <span class='ocrx_word' id='word_1_26' title='bbox 1046 916 1214 965; x_wconf 90' lang='lat' dir='ltr'>cum</span> <span class='ocrx_word' id='word_1_27' title='bbox 1250 892 1609 965; x_wconf 87' lang='lat' dir='ltr'>diametro</span> <span class='ocrx_word' id='word_1_28' title='bbox 1644 893 1757 965; x_wconf 88' lang='lat' dir='ltr'>sui</span> <span class='ocrx_word' id='word_1_29' title='bbox 1792 892 2220 991; x_wconf 83' lang='lat' dir='ltr'><strong>quadrantis</strong></span> <span class='ocrx_word' id='word_1_30' title='bbox 2248 915 2479 988; x_wconf 88' lang='lat' dir='ltr'>angu-</span> 
     </span>
     <span class='ocr_line' id='line_1_5' title="bbox 394 1003 2481 1102; baseline 0.001 -27"><span class='ocrx_word' id='word_1_31' title='bbox 394 1003 549 1076; x_wconf 90' lang='lat' dir='ltr'>lum</span> <span class='ocrx_word' id='word_1_32' title='bbox 633 1004 1128 1078; x_wconf 87' lang='lat' dir='ltr'>inclinationis</span> <span class='ocrx_word' id='word_1_33' title='bbox 1197 1006 1691 1094; x_wconf 88' lang='lat' dir='ltr'>semirectum,</span> <span class='ocrx_word' id='word_1_34' title='bbox 1762 1030 2074 1102; x_wconf 90' lang='lat' dir='ltr'>cumque</span> <span class='ocrx_word' id='word_1_35' title='bbox 2143 1018 2481 1078; x_wconf 83' lang='lat' dir='ltr'>centrum</span> 
     </span>
     <span class='ocr_line' id='line_1_6' title="bbox 396 1114 2481 1214; baseline 0.003 -26"><span class='ocrx_word' id='word_1_36' title='bbox 396 1118 780 1213; x_wconf 89' lang='lat' dir='ltr'>gravitatis</span> <span class='ocrx_word' id='word_1_37' title='bbox 817 1119 1028 1192; x_wconf 91' lang='lat' dir='ltr'>solidi</span> <span class='ocrx_word' id='word_1_38' title='bbox 1054 1143 1101 1191; x_wconf 91' lang='lat' dir='ltr'>a</span> <span class='ocrx_word' id='word_1_39' title='bbox 1126 1119 1604 1193; x_wconf 87' lang='lat' dir='ltr'>conversione</span> <span class='ocrx_word' id='word_1_40' title='bbox 1639 1118 1858 1192; x_wconf 90' lang='lat' dir='ltr'>simili</span> <span class='ocrx_word' id='word_1_41' title='bbox 1885 1117 2236 1214; x_wconf 86' lang='lat' dir='ltr'>trianguli</span> <span class='ocrx_word' id='word_1_42' title='bbox 2258 1116 2398 1191; x_wconf 92' lang='lat' dir='ltr'>DB</span> <span class='ocrx_word' id='word_1_43' title='bbox 2416 1114 2481 1194; x_wconf 86' lang='lat' dir='ltr'>G</span> 
     </span>
     <span class='ocr_line' id='line_1_7' title="bbox 398 1231 2482 1329; baseline 0.001 -27"><span class='ocrx_word' id='word_1_44' title='bbox 398 1231 493 1302; x_wconf 88' lang='lat' dir='ltr'>sit</span> <span class='ocrx_word' id='word_1_45' title='bbox 529 1231 863 1303; x_wconf 89' lang='lat' dir='ltr'>similiter</span> <span class='ocrx_word' id='word_1_46' title='bbox 896 1232 1215 1326; x_wconf 92' lang='lat' dir='ltr'>positum</span> <span class='ocrx_word' id='word_1_47' title='bbox 1257 1231 1353 1305; x_wconf 92' lang='lat' dir='ltr'>ad</span> <span class='ocrx_word' id='word_1_48' title='bbox 1384 1232 1687 1329; x_wconf 91' lang='lat' dir='ltr'>planum</span> <span class='ocrx_word' id='word_1_49' title='bbox 1723 1255 1941 1328; x_wconf 91' lang='lat' dir='ltr'>super</span> <span class='ocrx_word' id='word_1_50' title='bbox 1972 1276 2086 1326; x_wconf 66' lang='lat'>77,</span> <span class='ocrx_word' id='word_1_51' title='bbox 2123 1232 2265 1304; x_wconf 88' lang='lat' dir='ltr'>erit</span> <span class='ocrx_word' id='word_1_52' title='bbox 2308 1255 2482 1305; x_wconf 86' lang='lat' dir='ltr'>cen-</span> 
     </span>
     <span class='ocr_line' id='line_1_8' title="bbox 399 1343 2482 1440; baseline 0 -26"><span class='ocrx_word' id='word_1_53' title='bbox 399 1355 595 1415; x_wconf 85' lang='lat' dir='ltr'>trum</span> <span class='ocrx_word' id='word_1_54' title='bbox 630 1344 1013 1439; x_wconf 89' lang='lat' dir='ltr'>gravitatis</span> <span class='ocrx_word' id='word_1_55' title='bbox 1057 1344 1271 1416; x_wconf 89' lang='lat' dir='ltr'>solidi</span> <span class='ocrx_word' id='word_1_56' title='bbox 1320 1344 1705 1440; x_wconf 87' lang='lat' dir='ltr'>propositi,</span> <span class='ocrx_word' id='word_1_57' title='bbox 1764 1356 2068 1440; x_wconf 88' lang='lat' dir='ltr'>propter</span> <span class='ocrx_word' id='word_1_58' title='bbox 2117 1343 2482 1417; x_wconf 90' lang='lat' dir='ltr'>rationem</span> 
     </span>
     <span class='ocr_line' id='line_1_9' title="bbox 399 1456 2484 1554; baseline 0.001 -27"><span class='ocrx_word' id='word_1_59' title='bbox 399 1456 992 1550; x_wconf 82' lang='lat' dir='ltr'>magnitudinum</span> <span class='ocrx_word' id='word_1_60' title='bbox 1027 1466 1071 1530; x_wconf 84' lang='lat'>2</span> <span class='ocrx_word' id='word_1_61' title='bbox 1110 1457 1206 1530; x_wconf 90' lang='lat' dir='ltr'>ad</span> <span class='ocrx_word' id='word_1_62' title='bbox 1253 1467 1312 1545; x_wconf 89' lang='lat' dir='ltr'>l,</span> <span class='ocrx_word' id='word_1_63' title='bbox 1356 1458 1435 1530; x_wconf 94' lang='lat' dir='ltr'>in</span> <span class='ocrx_word' id='word_1_64' title='bbox 1487 1482 1575 1531; x_wconf 91' lang='lat' dir='ltr'>eo</span> <span class='ocrx_word' id='word_1_65' title='bbox 1624 1456 1846 1554; x_wconf 89' lang='lat' dir='ltr'>plano</span> <span class='ocrx_word' id='word_1_66' title='bbox 1894 1457 2096 1554; x_wconf 90' lang='lat' dir='ltr'>quod</span> <span class='ocrx_word' id='word_1_67' title='bbox 2153 1457 2381 1530; x_wconf 88' lang='lat' dir='ltr'>distat</span> <span class='ocrx_word' id='word_1_68' title='bbox 2437 1480 2484 1529; x_wconf 89' lang='lat' dir='ltr'>a</span> 
     </span>
     <span class='ocr_line' id='line_1_10' title="bbox 398 1568 2484 1666; baseline 0 -26"><span class='ocrx_word' id='word_1_69' title='bbox 398 1568 619 1665; x_wconf 90' lang='lat' dir='ltr'>plano</span> <span class='ocrx_word' id='word_1_70' title='bbox 652 1592 784 1664; x_wconf 92' lang='lat' dir='ltr'>per</span> <span class='ocrx_word' id='word_1_71' title='bbox 819 1574 899 1650; x_wconf 77' lang='grc' dir='ltr'>ζζ</span> <span class='ocrx_word' id='word_1_72' title='bbox 935 1593 1024 1641; x_wconf 87' lang='lat' dir='ltr'>ex</span> <span class='ocrx_word' id='word_1_73' title='bbox 1058 1569 1290 1642; x_wconf 90' lang='lat' dir='ltr'>altera</span> <span class='ocrx_word' id='word_1_74' title='bbox 1324 1581 1559 1666; x_wconf 90' lang='lat' dir='ltr'>parte,</span> <span class='ocrx_word' id='word_1_75' title='bbox 1602 1570 1710 1642; x_wconf 89' lang='lat' dir='ltr'>ita</span> <span class='ocrx_word' id='word_1_76' title='bbox 1758 1581 1843 1641; x_wconf 91' lang='lat' dir='ltr'>ut</span> <span class='ocrx_word' id='word_1_77' title='bbox 1902 1569 2251 1643; x_wconf 89' lang='lat' dir='ltr'>distantia</span> <span class='ocrx_word' id='word_1_78' title='bbox 2286 1575 2354 1651; x_wconf 80' lang='grc' dir='ltr'>ιζ</span> <span class='ocrx_word' id='word_1_79' title='bbox 2386 1568 2484 1641; x_wconf 90' lang='lat' dir='ltr'>sit</span> 
     </span>
     <span class='ocr_line' id='line_1_11' title="bbox 401 1680 2480 1779; baseline 0 -24"><span class='ocrx_word' id='word_1_80' title='bbox 401 1681 497 1755; x_wconf 86' lang='lat' dir='ltr'>ad</span> <span class='ocrx_word' id='word_1_81' title='bbox 532 1680 959 1754; x_wconf 84' lang='lat' dir='ltr'>distantiam</span> <span class='ocrx_word' id='word_1_82' title='bbox 996 1684 1176 1778; x_wconf 75' lang='lat' dir='ltr'>eJuS,</span> <span class='ocrx_word' id='word_1_83' title='bbox 1213 1706 1303 1754; x_wconf 85' lang='lat' dir='ltr'>ex</span> <span class='ocrx_word' id='word_1_84' title='bbox 1355 1682 1589 1755; x_wconf 87' lang='lat' dir='ltr'>altera</span> <span class='ocrx_word' id='word_1_85' title='bbox 1641 1694 1853 1779; x_wconf 88' lang='lat' dir='ltr'>parte</span> <span class='ocrx_word' id='word_1_86' title='bbox 1907 1683 2283 1778; x_wconf 89' lang='lat' dir='ltr'>reciproce</span> <span class='ocrx_word' id='word_1_87' title='bbox 2316 1694 2400 1755; x_wconf 92' lang='lat' dir='ltr'>ut</span> <span class='ocrx_word' id='word_1_88' title='bbox 2433 1691 2480 1755; x_wconf 88' lang='grc'><strong>2</strong></span> 
     </span>
     <span class='ocr_line' id='line_1_12' title="bbox 400 1793 2485 1893; baseline 0 -26"><span class='ocrx_word' id='word_1_89' title='bbox 400 1794 497 1867; x_wconf 90' lang='lat' dir='ltr'>ad</span> <span class='ocrx_word' id='word_1_90' title='bbox 534 1804 593 1867; x_wconf 87' lang='lat' dir='ltr'>l.</span> <span class='ocrx_word' id='word_1_91' title='bbox 680 1793 841 1867; x_wconf 91' lang='lat' dir='ltr'>Erit</span> <span class='ocrx_word' id='word_1_92' title='bbox 874 1818 1050 1891; x_wconf 92' lang='lat' dir='ltr'>ergo</span> <span class='ocrx_word' id='word_1_93' title='bbox 1088 1807 1423 1868; x_wconf 86' lang='lat' dir='ltr'>centrum</span> <span class='ocrx_word' id='word_1_94' title='bbox 1457 1796 1842 1891; x_wconf 87' lang='lat' dir='ltr'>gravitatis</span> <span class='ocrx_word' id='word_1_95' title='bbox 1875 1796 2089 1869; x_wconf 90' lang='lat' dir='ltr'>solidi</span> <span class='ocrx_word' id='word_1_96' title='bbox 2120 1796 2485 1893; x_wconf 92' lang='lat' dir='ltr'>propositi</span> 
     </span>
     <span class='ocr_line' id='line_1_13' title="bbox 403 1906 2482 2005; baseline 0.001 -26"><span class='ocrx_word' id='word_1_97' title='bbox 403 1909 475 1979; x_wconf 93' lang='lat' dir='ltr'>in</span> <span class='ocrx_word' id='word_1_98' title='bbox 504 1906 725 2002; x_wconf 91' lang='lat' dir='ltr'>plano</span> <span class='ocrx_word' id='word_1_99' title='bbox 754 1908 953 2002; x_wconf 90' lang='lat' dir='ltr'>quod</span> <span class='ocrx_word' id='word_1_100' title='bbox 987 1907 1080 1981; x_wconf 89' lang='lat' dir='ltr'>ad</span> <span class='ocrx_word' id='word_1_101' title='bbox 1115 1908 1415 2005; x_wconf 89' lang='lat' dir='ltr'>planum</span> <span class='ocrx_word' id='word_1_102' title='bbox 1444 1909 1722 1982; x_wconf 83' lang='lat' dir='ltr'>chartae</span> <span class='ocrx_word' id='word_1_103' title='bbox 1757 1921 1869 1982; x_wconf 91' lang='lat' dir='ltr'>est</span> <span class='ocrx_word' id='word_1_104' title='bbox 1901 1921 2229 1982; x_wconf 85' lang='lat' dir='ltr'>erectum</span> <span class='ocrx_word' id='word_1_105' title='bbox 2261 1910 2339 1982; x_wconf 92' lang='lat' dir='ltr'>in</span> <span class='ocrx_word' id='word_1_106' title='bbox 2366 1942 2482 1982; x_wconf 86' lang='grc' dir='ltr'>σσ.</span> 
     </span>
     <span class='ocr_line' id='line_1_14' title="bbox 406 2019 2487 2117; baseline 0.001 -25"><span class='ocrx_word' id='word_1_107' title='bbox 406 2020 597 2092; x_wconf 89' lang='lat' dir='ltr'>Nam</span> <span class='ocrx_word' id='word_1_108' title='bbox 633 2041 697 2106; x_wconf 69' lang='grc' dir='ltr'>ιζ</span> <span class='ocrx_word' id='word_1_109' title='bbox 731 2033 846 2093; x_wconf 90' lang='lat' dir='ltr'>est</span> <span class='ocrx_word' id='word_1_110' title='bbox 880 2030 949 2110; x_wconf 86' lang='lat'>3,</span> <span class='ocrx_word' id='word_1_111' title='bbox 989 2045 1301 2117; x_wconf 89' lang='lat' dir='ltr'>quorum</span> <span class='ocrx_word' id='word_1_112' title='bbox 1337 2042 1416 2108; x_wconf 78' lang='grc' dir='ltr'>ζσ</span> <span class='ocrx_word' id='word_1_113' title='bbox 1448 2034 1563 2093; x_wconf 89' lang='lat' dir='ltr'>est</span> <span class='ocrx_word' id='word_1_114' title='bbox 1601 2019 1705 2111; x_wconf 75' lang='lat'>—}-.</span> <span class='ocrx_word' id='word_1_115' title='bbox 1811 2022 2112 2111; x_wconf 83' lang='lat' dir='ltr'>RursuS,</span> <span class='ocrx_word' id='word_1_116' title='bbox 2149 2034 2487 2096; x_wconf 90' lang='lat' dir='ltr'>centrum</span> 
     </span>
     <span class='ocr_line' id='line_1_15' title="bbox 403 2133 2493 2231; baseline 0 -26"><span class='ocrx_word' id='word_1_117' title='bbox 403 2133 783 2229; x_wconf 91' lang='lat' dir='ltr'>gravitatis</span> <span class='ocrx_word' id='word_1_118' title='bbox 836 2133 1048 2207; x_wconf 85' lang='lat' dir='ltr'>solidi</span> <span class='ocrx_word' id='word_1_119' title='bbox 1097 2133 1456 2230; x_wconf 89' lang='lat' dir='ltr'>propositi</span> <span class='ocrx_word' id='word_1_120' title='bbox 1518 2145 1630 2206; x_wconf 87' lang='lat' dir='ltr'>est</span> <span class='ocrx_word' id='word_1_121' title='bbox 1684 2133 1763 2206; x_wconf 94' lang='lat' dir='ltr'>in</span> <span class='ocrx_word' id='word_1_122' title='bbox 1813 2147 2039 2223; x_wconf 88' lang='lat' dir='ltr'>recta,</span> <span class='ocrx_word' id='word_1_123' title='bbox 2096 2159 2261 2231; x_wconf 87' lang='lat' dir='ltr'>quae</span> <span class='ocrx_word' id='word_1_124' title='bbox 2313 2134 2493 2208; x_wconf 89' lang='lat' dir='ltr'>facit</span> 
     </span>
     <span class='ocr_line' id='line_1_16' title="bbox 407 2245 2489 2342; baseline -0 -23"><span class='ocrx_word' id='word_1_125' title='bbox 407 2270 572 2319; x_wconf 91' lang='lat' dir='ltr'>cum</span> <span class='ocrx_word' id='word_1_126' title='bbox 610 2256 813 2318; x_wconf 89' lang='lat' dir='ltr'>recta</span> <span class='ocrx_word' id='word_1_127' title='bbox 846 2278 939 2316; x_wconf 83' lang='grc' dir='ltr'>σσ</span> <span class='ocrx_word' id='word_1_128' title='bbox 978 2246 1329 2342; x_wconf 86' lang='lat' dir='ltr'>angulum</span> <span class='ocrx_word' id='word_1_129' title='bbox 1365 2245 1856 2319; x_wconf 85' lang='lat' dir='ltr'>semirectum.</span> <span class='ocrx_word' id='word_1_130' title='bbox 1955 2247 2353 2320; x_wconf 88' lang='lat' dir='ltr'>Rectarum</span> <span class='ocrx_word' id='word_1_131' title='bbox 2381 2246 2489 2336; x_wconf 72' lang='lat'>38,</span> 
     </span>
     <span class='ocr_line' id='line_1_17' title="bbox 406 2358 2493 2457; baseline 0 -26"><span class='ocrx_word' id='word_1_132' title='bbox 406 2394 531 2457; x_wconf 84' lang='grc' dir='ltr'>υχ,</span> <span class='ocrx_word' id='word_1_133' title='bbox 567 2358 988 2431; x_wconf 90' lang='lat' dir='ltr'>intersectio</span> <span class='ocrx_word' id='word_1_134' title='bbox 1042 2359 1136 2432; x_wconf 89' lang='lat' dir='ltr'>sit</span> <span class='ocrx_word' id='word_1_135' title='bbox 1187 2392 1261 2432; x_wconf 88' lang='grc' dir='ltr'>ω.</span> <span class='ocrx_word' id='word_1_136' title='bbox 1387 2359 1759 2433; x_wconf 75' lang='lat' dir='ltr'>Quoniam</span> <span class='ocrx_word' id='word_1_137' title='bbox 1805 2361 1958 2455; x_wconf 91' lang='lat' dir='ltr'>jam</span> <span class='ocrx_word' id='word_1_138' title='bbox 1994 2393 2086 2431; x_wconf 88' lang='grc' dir='ltr'>ωυ</span> <span class='ocrx_word' id='word_1_139' title='bbox 2121 2372 2233 2434; x_wconf 90' lang='lat' dir='ltr'>est</span> <span class='ocrx_word' id='word_1_140' title='bbox 2265 2359 2362 2433; x_wconf 90' lang='lat' dir='ltr'>ad</span> <span class='ocrx_word' id='word_1_141' title='bbox 2394 2393 2493 2431; x_wconf 79' lang='grc' dir='ltr'>ωτ</span> 
     </span>
     <span class='ocr_line' id='line_1_18' title="bbox 406 2471 2496 2572; baseline 0.001 -27"><span class='ocrx_word' id='word_1_142' title='bbox 406 2486 490 2545; x_wconf 91' lang='lat' dir='ltr'>ut</span> <span class='ocrx_word' id='word_1_143' title='bbox 523 2482 568 2546; x_wconf 86' lang='lat'><strong>2</strong></span> <span class='ocrx_word' id='word_1_144' title='bbox 614 2471 709 2545; x_wconf 89' lang='lat' dir='ltr'>ad</span> <span class='ocrx_word' id='word_1_145' title='bbox 765 2481 827 2560; x_wconf 96' lang='lat' dir='ltr'>l,</span> <span class='ocrx_word' id='word_1_146' title='bbox 894 2472 971 2544; x_wconf 91' lang='lat' dir='ltr'>id</span> <span class='ocrx_word' id='word_1_147' title='bbox 1027 2485 1165 2561; x_wconf 90' lang='lat' dir='ltr'>est,</span> <span class='ocrx_word' id='word_1_148' title='bbox 1219 2473 1297 2546; x_wconf 89' lang='lat' dir='ltr'>in</span> <span class='ocrx_word' id='word_1_149' title='bbox 1355 2473 1641 2545; x_wconf 91' lang='lat' dir='ltr'>ratione</span> <span class='ocrx_word' id='word_1_150' title='bbox 1700 2474 1914 2546; x_wconf 86' lang='lat' dir='ltr'>solidi</span> <span class='ocrx_word' id='word_1_151' title='bbox 1972 2475 2331 2572; x_wconf 89' lang='lat' dir='ltr'>propositi</span> <span class='ocrx_word' id='word_1_152' title='bbox 2397 2473 2496 2547; x_wconf 92' lang='lat' dir='ltr'>ad</span> 
     </span>
     <span class='ocr_line' id='line_1_19' title="bbox 410 2586 2490 2684; baseline 0.001 -25"><span class='ocrx_word' id='word_1_153' title='bbox 410 2587 720 2659; x_wconf 90' lang='lat' dir='ltr'>solidum</span> <span class='ocrx_word' id='word_1_154' title='bbox 744 2586 1022 2660; x_wconf 88' lang='lat' dir='ltr'>factum</span> <span class='ocrx_word' id='word_1_155' title='bbox 1050 2611 1096 2659; x_wconf 91' lang='lat' dir='ltr'>a</span> <span class='ocrx_word' id='word_1_156' title='bbox 1116 2587 1333 2660; x_wconf 90' lang='lat' dir='ltr'>simili</span> <span class='ocrx_word' id='word_1_157' title='bbox 1357 2588 1835 2662; x_wconf 85' lang='lat' dir='ltr'>conversione</span> <span class='ocrx_word' id='word_1_158' title='bbox 1860 2588 2209 2684; x_wconf 85' lang='lat' dir='ltr'>trianguli</span> <span class='ocrx_word' id='word_1_159' title='bbox 2233 2589 2301 2661; x_wconf 94' lang='lat' dir='ltr'>D</span> <span class='ocrx_word' id='word_1_160' title='bbox 2317 2588 2378 2661; x_wconf 92' lang='lat' dir='ltr'>B</span> <span class='ocrx_word' id='word_1_161' title='bbox 2393 2587 2490 2672; x_wconf 89' lang='lat' dir='ltr'>F;</span> 
     </span>
     <span class='ocr_line' id='line_1_20' title="bbox 410 2700 2495 2798; baseline 0.001 -27"><span class='ocrx_word' id='word_1_162' title='bbox 410 2711 487 2772; x_wconf 90' lang='lat' dir='ltr'>et</span> <span class='ocrx_word' id='word_1_163' title='bbox 556 2709 890 2771; x_wconf 91' lang='lat' dir='ltr'>centrum</span> <span class='ocrx_word' id='word_1_164' title='bbox 961 2701 1346 2795; x_wconf 91' lang='lat' dir='ltr'>gravitatis</span> <span class='ocrx_word' id='word_1_165' title='bbox 1432 2700 1649 2773; x_wconf 90' lang='lat' dir='ltr'>solidi</span> <span class='ocrx_word' id='word_1_166' title='bbox 1728 2724 1774 2774; x_wconf 92' lang='lat' dir='ltr'>a</span> <span class='ocrx_word' id='word_1_167' title='bbox 1841 2702 2212 2798; x_wconf 85' lang='lat' dir='ltr'>triangulo</span> <span class='ocrx_word' id='word_1_168' title='bbox 2282 2703 2495 2775; x_wconf 89' lang='lat' dir='ltr'>DBF</span> 
     </span>
     <span class='ocr_line' id='line_1_21' title="bbox 413 2813 2496 2903; baseline 0 -17"><span class='ocrx_word' id='word_1_169' title='bbox 413 2825 526 2886; x_wconf 89' lang='lat' dir='ltr'>est</span> <span class='ocrx_word' id='word_1_170' title='bbox 558 2813 635 2884; x_wconf 93' lang='lat' dir='ltr'>in</span> <span class='ocrx_word' id='word_1_171' title='bbox 670 2844 750 2896; x_wconf 75' lang='grc' dir='ltr'>υς</span> <span class='ocrx_word' id='word_1_172' title='bbox 806 2813 869 2885; x_wconf 88' lang='lat' dir='ltr'>si</span> <span class='ocrx_word' id='word_1_173' title='bbox 902 2814 1033 2885; x_wconf 91' lang='lat' dir='ltr'>fiat</span> <span class='ocrx_word' id='word_1_174' title='bbox 1068 2848 1118 2884; x_wconf 87' lang='grc' dir='ltr'><em>ω</em></span> <span class='ocrx_word' id='word_1_175' title='bbox 1153 2826 1487 2887; x_wconf 89' lang='lat' dir='ltr'>centrum</span> <span class='ocrx_word' id='word_1_176' title='bbox 1521 2813 1752 2903; x_wconf 90' lang='lat' dir='ltr'>librae,</span> <span class='ocrx_word' id='word_1_177' title='bbox 1805 2815 2107 2889; x_wconf 91' lang='lat' dir='ltr'>distabit</span> <span class='ocrx_word' id='word_1_178' title='bbox 2158 2828 2496 2888; x_wconf 91' lang='lat' dir='ltr'>centrum</span> 
     </span>
     <span class='ocr_line' id='line_1_22' title="bbox 411 2926 2498 3023; baseline 0.001 -24"><span class='ocrx_word' id='word_1_179' title='bbox 411 2926 794 3023; x_wconf 87' lang='lat' dir='ltr'>gravitatis</span> <span class='ocrx_word' id='word_1_180' title='bbox 830 2926 1042 2999; x_wconf 89' lang='lat' dir='ltr'>solidi</span> <span class='ocrx_word' id='word_1_181' title='bbox 1078 2926 1434 3022; x_wconf 89' lang='lat' dir='ltr'>propositi</span> <span class='ocrx_word' id='word_1_182' title='bbox 1481 2950 1526 2998; x_wconf 89' lang='lat' dir='ltr'>a</span> <span class='ocrx_word' id='word_1_183' title='bbox 1573 2940 1830 3000; x_wconf 89' lang='lat' dir='ltr'>centro</span> <span class='ocrx_word' id='word_1_184' title='bbox 1878 2928 2082 3001; x_wconf 90' lang='lat' dir='ltr'>librae</span> <span class='ocrx_word' id='word_1_185' title='bbox 2120 2962 2192 3016; x_wconf 87' lang='grc' dir='ltr'>ω,</span> <span class='ocrx_word' id='word_1_186' title='bbox 2248 2929 2355 3001; x_wconf 90' lang='lat' dir='ltr'>ita</span> <span class='ocrx_word' id='word_1_187' title='bbox 2410 2942 2498 3002; x_wconf 91' lang='lat' dir='ltr'>ut</span> 
     </span>
     <span class='ocr_line' id='line_1_23' title="bbox 416 3039 2499 3137; baseline 0 -24"><span class='ocrx_word' id='word_1_188' title='bbox 416 3041 767 3113; x_wconf 88' lang='lat' dir='ltr'>distantia</span> <span class='ocrx_word' id='word_1_189' title='bbox 808 3074 908 3110; x_wconf 87' lang='grc' dir='ltr'>υω</span> <span class='ocrx_word' id='word_1_190' title='bbox 959 3041 1056 3113; x_wconf 92' lang='lat' dir='ltr'>sit</span> <span class='ocrx_word' id='word_1_191' title='bbox 1117 3039 1341 3135; x_wconf 90' lang='lat' dir='ltr'>dupla</span> <span class='ocrx_word' id='word_1_192' title='bbox 1396 3039 1766 3113; x_wconf 80' lang='lat' dir='ltr'>distantiae</span> <span class='ocrx_word' id='word_1_193' title='bbox 1825 3041 2061 3114; x_wconf 90' lang='lat' dir='ltr'>centri</span> <span class='ocrx_word' id='word_1_194' title='bbox 2113 3041 2499 3137; x_wconf 88' lang='lat' dir='ltr'>gravitatis</span> 
     </span>
     <span class='ocr_line' id='line_1_24' title="bbox 415 3151 2497 3249; baseline 0.001 -25"><span class='ocrx_word' id='word_1_195' title='bbox 415 3152 628 3224; x_wconf 89' lang='lat' dir='ltr'>solidi</span> <span class='ocrx_word' id='word_1_196' title='bbox 657 3152 1014 3248; x_wconf 92' lang='lat' dir='ltr'>propositi</span> <span class='ocrx_word' id='word_1_197' title='bbox 1049 3153 1141 3226; x_wconf 91' lang='lat' dir='ltr'>ab</span> <span class='ocrx_word' id='word_1_198' title='bbox 1181 3151 1439 3224; x_wconf 91' lang='lat' dir='ltr'>eodem</span> <span class='ocrx_word' id='word_1_199' title='bbox 1464 3163 1741 3247; x_wconf 90' lang='lat' dir='ltr'>puncto</span> <span class='ocrx_word' id='word_1_200' title='bbox 1777 3186 1849 3225; x_wconf 89' lang='grc' dir='ltr'>ω.</span> <span class='ocrx_word' id='word_1_201' title='bbox 1926 3153 2086 3226; x_wconf 92' lang='lat' dir='ltr'>Erit</span> <span class='ocrx_word' id='word_1_202' title='bbox 2122 3177 2297 3249; x_wconf 90' lang='lat' dir='ltr'>ergo</span> <span class='ocrx_word' id='word_1_203' title='bbox 2332 3155 2410 3227; x_wconf 88' lang='lat' dir='ltr'>in</span> <span class='ocrx_word' id='word_1_204' title='bbox 2436 3188 2497 3227; x_wconf 80' lang='grc' dir='ltr'>τ.</span> 
     </span>
     <span class='ocr_line' id='line_1_25' title="bbox 419 3265 1545 3339; baseline 0 -1"><span class='ocrx_word' id='word_1_205' title='bbox 419 3265 639 3338; x_wconf 76' lang='lat' dir='ltr'>Quod</span> <span class='ocrx_word' id='word_1_206' title='bbox 674 3278 835 3339; x_wconf 89' lang='lat' dir='ltr'>erat</span> <span class='ocrx_word' id='word_1_207' title='bbox 868 3265 1545 3339; x_wconf 89' lang='lat' dir='ltr'>demonstrandum.</span> 
     </span>
    </p>

    <p class='ocr_par' dir='ltr' id='par_1_3' title="bbox 416 3375 2507 3927">
     <span class='ocr_line' id='line_1_26' title="bbox 522 3375 2503 3476; baseline 0.003 -28"><span class='ocrx_word' id='word_1_208' title='bbox 522 3375 853 3451; x_wconf 77' lang='lat' dir='ltr'>Consect.</span> <span class='ocrx_word' id='word_1_209' title='bbox 994 3379 1342 3474; x_wconf 85' lang='lat' dir='ltr'>Sequitur</span> <span class='ocrx_word' id='word_1_210' title='bbox 1406 3379 1579 3450; x_wconf 89' lang='lat' dir='ltr'>hinc</span> <span class='ocrx_word' id='word_1_211' title='bbox 1637 3389 1995 3473; x_wconf 91' lang='lat' dir='ltr'>punctum</span> <span class='ocrx_word' id='word_1_212' title='bbox 2050 3412 2123 3469; x_wconf 89' lang='grc' dir='ltr'>ω,</span> <span class='ocrx_word' id='word_1_213' title='bbox 2183 3380 2503 3476; x_wconf 89' lang='lat' dir='ltr'>positum</span> 
     </span>
     <span class='ocr_line' id='line_1_27' title="bbox 417 3491 2504 3591; baseline 0.003 -29"><span class='ocrx_word' id='word_1_214' title='bbox 417 3491 593 3564; x_wconf 92' lang='lat' dir='ltr'>item</span> <span class='ocrx_word' id='word_1_215' title='bbox 629 3492 705 3564; x_wconf 93' lang='lat' dir='ltr'>in</span> <span class='ocrx_word' id='word_1_216' title='bbox 740 3503 948 3564; x_wconf 89' lang='lat' dir='ltr'>recta</span> <span class='ocrx_word' id='word_1_217' title='bbox 982 3491 1103 3580; x_wconf 79' lang='grc' dir='ltr'>ὃω,</span> <span class='ocrx_word' id='word_1_218' title='bbox 1139 3491 1244 3564; x_wconf 92' lang='lat' dir='ltr'>ita</span> <span class='ocrx_word' id='word_1_219' title='bbox 1290 3503 1374 3563; x_wconf 93' lang='lat' dir='ltr'>ut</span> <span class='ocrx_word' id='word_1_220' title='bbox 1419 3492 1644 3564; x_wconf 87' lang='lat' dir='ltr'>faciat</span> <span class='ocrx_word' id='word_1_221' title='bbox 1693 3515 1861 3564; x_wconf 88' lang='lat' dir='ltr'>cum</span> <span class='ocrx_word' id='word_1_222' title='bbox 1911 3506 2115 3567; x_wconf 89' lang='lat' dir='ltr'>recta</span> <span class='ocrx_word' id='word_1_223' title='bbox 2149 3494 2239 3566; x_wconf 77' lang='grc' dir='ltr'>ὃὸ</span> <span class='ocrx_word' id='word_1_224' title='bbox 2271 3519 2504 3591; x_wconf 89' lang='lat' dir='ltr'>angu-</span> 
     </span>
     <span class='ocr_line' id='line_1_28' title="bbox 416 3602 2504 3704; baseline 0.003 -30"><span class='ocrx_word' id='word_1_225' title='bbox 416 3602 569 3675; x_wconf 90' lang='lat' dir='ltr'>lum</span> <span class='ocrx_word' id='word_1_226' title='bbox 605 3604 1098 3694; x_wconf 90' lang='lat' dir='ltr'>semirectum,</span> <span class='ocrx_word' id='word_1_227' title='bbox 1135 3626 1293 3676; x_wconf 89' lang='lat' dir='ltr'>esse</span> <span class='ocrx_word' id='word_1_228' title='bbox 1331 3617 1670 3677; x_wconf 90' lang='lat' dir='ltr'>centrum</span> <span class='ocrx_word' id='word_1_229' title='bbox 1706 3606 2093 3701; x_wconf 90' lang='lat' dir='ltr'>gravitatis</span> <span class='ocrx_word' id='word_1_230' title='bbox 2126 3607 2504 3704; x_wconf 86' lang='lat' dir='ltr'>utriusque</span> 
     </span>
     <span class='ocr_line' id='line_1_29' title="bbox 418 3715 2507 3815; baseline 0.003 -28"><span class='ocrx_word' id='word_1_231' title='bbox 418 3715 633 3788; x_wconf 87' lang='lat' dir='ltr'>simul</span> <span class='ocrx_word' id='word_1_232' title='bbox 668 3717 904 3806; x_wconf 91' lang='lat' dir='ltr'>solidi,</span> <span class='ocrx_word' id='word_1_233' title='bbox 940 3742 1205 3814; x_wconf 90' lang='lat' dir='ltr'>nempe</span> <span class='ocrx_word' id='word_1_234' title='bbox 1240 3717 1454 3790; x_wconf 90' lang='lat' dir='ltr'>solidi</span> <span class='ocrx_word' id='word_1_235' title='bbox 1504 3720 1884 3815; x_wconf 89' lang='lat' dir='ltr'>propositi,</span> <span class='ocrx_word' id='word_1_236' title='bbox 1940 3732 2016 3792; x_wconf 91' lang='lat' dir='ltr'>et</span> <span class='ocrx_word' id='word_1_237' title='bbox 2067 3720 2281 3794; x_wconf 89' lang='lat' dir='ltr'>solidi</span> <span class='ocrx_word' id='word_1_238' title='bbox 2324 3720 2507 3793; x_wconf 90' lang='lat' dir='ltr'>facti</span> 
     </span>
     <span class='ocr_line' id='line_1_30' title="bbox 420 3830 1905 3927; baseline 0.003 -26"><span class='ocrx_word' id='word_1_239' title='bbox 420 3853 464 3901; x_wconf 91' lang='lat' dir='ltr'>a</span> <span class='ocrx_word' id='word_1_240' title='bbox 498 3830 717 3902; x_wconf 91' lang='lat' dir='ltr'>simili</span> <span class='ocrx_word' id='word_1_241' title='bbox 752 3832 1231 3904; x_wconf 91' lang='lat' dir='ltr'>conversione</span> <span class='ocrx_word' id='word_1_242' title='bbox 1277 3831 1627 3927; x_wconf 90' lang='lat' dir='ltr'>trianguli</span> <span class='ocrx_word' id='word_1_243' title='bbox 1663 3831 1905 3906; x_wconf 88' lang='lat' dir='ltr'><strong>DBF.</strong></span> 
     </span>
    </p>

    <p class='ocr_par' dir='ltr' id='par_1_4' title="bbox 423 3942 2509 4496">
     <span class='ocr_line' id='line_1_31' title="bbox 524 3942 2508 4043; baseline 0.003 -29"><span class='ocrx_word' id='word_1_244' title='bbox 524 3942 621 4014; x_wconf 91' lang='lat' dir='ltr'>B.</span> <span class='ocrx_word' id='word_1_245' title='bbox 678 3943 916 4017; x_wconf 90' lang='lat' dir='ltr'>Credo</span> <span class='ocrx_word' id='word_1_246' title='bbox 955 3943 1318 4040; x_wconf 90' lang='lat' dir='ltr'>equidem,</span> <span class='ocrx_word' id='word_1_247' title='bbox 1355 3956 1432 4017; x_wconf 92' lang='lat' dir='ltr'>et</span> <span class='ocrx_word' id='word_1_248' title='bbox 1464 3957 1826 4040; x_wconf 85' lang='lat' dir='ltr'>praeterea</span> <span class='ocrx_word' id='word_1_249' title='bbox 1857 3959 2216 4043; x_wconf 91' lang='lat' dir='ltr'>punctum</span> <span class='ocrx_word' id='word_1_250' title='bbox 2253 3946 2312 4019; x_wconf 88' lang='lat' dir='ltr'>C</span> <span class='ocrx_word' id='word_1_251' title='bbox 2347 3969 2508 4019; x_wconf 85' lang='lat' dir='ltr'>esse</span> 
     </span>
     <span class='ocr_line' id='line_1_32' title="bbox 423 4057 2508 4155; baseline 0.002 -28"><span class='ocrx_word' id='word_1_252' title='bbox 423 4069 761 4129; x_wconf 88' lang='lat' dir='ltr'>centrum</span> <span class='ocrx_word' id='word_1_253' title='bbox 807 4057 1190 4154; x_wconf 88' lang='lat' dir='ltr'>gravitatis</span> <span class='ocrx_word' id='word_1_254' title='bbox 1247 4058 1629 4154; x_wconf 88' lang='lat' dir='ltr'>utriusque</span> <span class='ocrx_word' id='word_1_255' title='bbox 1693 4060 1910 4132; x_wconf 93' lang='lat' dir='ltr'>simul</span> <span class='ocrx_word' id='word_1_256' title='bbox 1958 4060 2195 4149; x_wconf 90' lang='lat' dir='ltr'>solidi,</span> <span class='ocrx_word' id='word_1_257' title='bbox 2244 4082 2508 4155; x_wconf 90' lang='lat' dir='ltr'>nempe</span> 
     </span>
     <span class='ocr_line' id='line_1_33' title="bbox 423 4168 2508 4267; baseline 0.003 -28"><span class='ocrx_word' id='word_1_258' title='bbox 423 4168 635 4241; x_wconf 90' lang='lat' dir='ltr'>solidi</span> <span class='ocrx_word' id='word_1_259' title='bbox 692 4170 1073 4266; x_wconf 91' lang='lat' dir='ltr'>propositi,</span> <span class='ocrx_word' id='word_1_260' title='bbox 1128 4182 1205 4243; x_wconf 91' lang='lat' dir='ltr'>et</span> <span class='ocrx_word' id='word_1_261' title='bbox 1261 4170 1477 4243; x_wconf 87' lang='lat' dir='ltr'>solidi</span> <span class='ocrx_word' id='word_1_262' title='bbox 1537 4172 1737 4267; x_wconf 91' lang='lat' dir='ltr'>quod</span> <span class='ocrx_word' id='word_1_263' title='bbox 1794 4174 1880 4246; x_wconf 89' lang='lat' dir='ltr'>fit</span> <span class='ocrx_word' id='word_1_264' title='bbox 1938 4198 1982 4246; x_wconf 88' lang='lat' dir='ltr'>a</span> <span class='ocrx_word' id='word_1_265' title='bbox 2037 4172 2508 4246; x_wconf 89' lang='lat' dir='ltr'>conversione</span> 
     </span>
     <span class='ocr_line' id='line_1_34' title="bbox 426 4281 2509 4377; baseline 0.004 -26"><span class='ocrx_word' id='word_1_266' title='bbox 426 4281 645 4352; x_wconf 90' lang='lat' dir='ltr'>simili</span> <span class='ocrx_word' id='word_1_267' title='bbox 671 4283 869 4377; x_wconf 89' lang='lat' dir='ltr'>plani</span> <span class='ocrx_word' id='word_1_268' title='bbox 901 4281 1323 4376; x_wconf 90' lang='lat' dir='ltr'>cycloidalis</span> <span class='ocrx_word' id='word_1_269' title='bbox 1358 4286 1644 4357; x_wconf 81' lang='lat' dir='ltr'>externi</span> <span class='ocrx_word' id='word_1_270' title='bbox 1679 4283 1816 4357; x_wconf 89' lang='lat' dir='ltr'>BF</span> <span class='ocrx_word' id='word_1_271' title='bbox 1830 4284 1917 4361; x_wconf 91' lang='lat' dir='ltr'>G.</span> <span class='ocrx_word' id='word_1_272' title='bbox 2019 4286 2252 4358; x_wconf 90' lang='lat' dir='ltr'>Video</span> <span class='ocrx_word' id='word_1_273' title='bbox 2287 4285 2509 4360; x_wconf 91' lang='lat' dir='ltr'>etiam</span> 
     </span>
     <span class='ocr_line' id='line_1_35' title="bbox 424 4393 2509 4496; baseline 0.005 -31"><span class='ocrx_word' id='word_1_274' title='bbox 424 4394 674 4466; x_wconf 90' lang='lat' dir='ltr'>basem</span> <span class='ocrx_word' id='word_1_275' title='bbox 711 4393 771 4465; x_wconf 88' lang='lat' dir='ltr'>F</span> <span class='ocrx_word' id='word_1_276' title='bbox 786 4393 853 4466; x_wconf 93' lang='lat' dir='ltr'>D</span> <span class='ocrx_word' id='word_1_277' title='bbox 892 4395 995 4467; x_wconf 89' lang='lat' dir='ltr'>ita</span> <span class='ocrx_word' id='word_1_278' title='bbox 1029 4395 1253 4468; x_wconf 90' lang='lat' dir='ltr'>dividi</span> <span class='ocrx_word' id='word_1_279' title='bbox 1290 4421 1334 4468; x_wconf 91' lang='lat' dir='ltr'>a</span> <span class='ocrx_word' id='word_1_280' title='bbox 1368 4395 1588 4492; x_wconf 89' lang='lat' dir='ltr'>plano</span> <span class='ocrx_word' id='word_1_281' title='bbox 1636 4400 2021 4494; x_wconf 85' lang='lat' dir='ltr'>aequilibrii</span> <span class='ocrx_word' id='word_1_282' title='bbox 2057 4432 2173 4490; x_wconf 85' lang='grc' dir='ltr'>σσ,</span> <span class='ocrx_word' id='word_1_283' title='bbox 2206 4412 2292 4473; x_wconf 92' lang='lat' dir='ltr'>ut</span> <span class='ocrx_word' id='word_1_284' title='bbox 2339 4425 2509 4496; x_wconf 88' lang='lat' dir='ltr'>pars</span> 
     </span>
    </p>
   </div>
  </div>
 </body>
</html>
