3094 5125
263 690 365 730 Dm
377 689 564 730 Locus

374 772 450 811 v1.

264 837 551 872 5-7-—2

635 481 778 547 216
1065 493 1600 546 EXAMINATIO
1641 494 1744 545 ΕΤ
1783 494 2280 548 ΕΜΕΝΒΑΤῙΟ

1309 773 1803 825 PROPOSITIO
1842 774 2023 825 XIX.

739 887 990 975 Solidi,
1029 888 1229 983 quod
1260 889 1348 960 fit
1380 913 1424 961 a
1459 889 1936 961 conversione
1970 889 2317 984 trianguli
2351 890 2709 963 rectilinei

639 1001 854 1072 FDB
914 1025 1047 1096 per
1103 1003 1590 1096 quadrantem
1650 1002 1904 1075 circuli
1973 1027 2190 1098 super
2244 1005 2493 1077 basem
2552 1005 2708 1090 FD,

637 1127 970 1187 centrum
1006 1116 1388 1210 gravitatis
1412 1128 1520 1188 est
1555 1117 1631 1187 in
1659 1115 1876 1209 plano
1906 1115 2331 1210 quadrantis
2358 1116 2712 1213 descripti

637 1227 1294 1326 semidiametroyy
1330 1241 1405 1300 et
1441 1229 1668 1301 erecti
1703 1228 1796 1299 ad
1830 1229 2130 1323 planum
2167 1231 2467 1315 chartae,
2503 1243 2578 1302 et
2632 1232 2710 1303 in

637 1364 724 1412 ea
774 1351 976 1413 recta
1013 1366 1177 1437 quae
1213 1342 1434 1415 ducta
1467 1367 1512 1414 a
1546 1353 1824 1437 puncto
1855 1377 1900 1439 γ
1935 1343 2197 1416 dividit
2231 1368 2479 1417 arcum
2521 1346 2711 1440 ejus-

640 1453 808 1526 dem
876 1455 1301 1550 quadrantis
1360 1456 1721 1543 bifariam,
1798 1455 2167 1552 distatque
2221 1482 2264 1530 a
2330 1473 2606 1553 puncto
2639 1493 2708 1555 γ,

640 1567 836 1660 quod
871 1581 983 1639 est
1016 1570 1090 1640 in
1126 1570 1307 1658 basi,
1346 1580 1630 1642 tantum
1668 1583 1943 1664 quanta
1977 1582 2086 1643 est
2121 1571 2442 1644 dodrans
2471 1572 2711 1668 duplae

638 1691 862 1753 rectae
906 1685 963 1752 Α
984 1716 1043 1755 ν.

742 1794 1047 1866 Factum
1083 1795 1277 1868 enim
1312 1796 1622 1869 solidum
1660 1820 1704 1868 a
1740 1798 2192 1870 revolutione
2239 1799 2529 1894 integra
2580 1798 2711 1870 tri-

639 1907 891 2002 anguli
932 1908 1133 1980 FDB
1172 1933 1391 2005 super
1417 1911 1668 1982 basem
1703 1910 1862 1998 FD,
1901 1923 2014 1983 est
2041 1935 2271 1983 conus
2308 1914 2516 2007 cujus
2543 1935 2711 1984 cen-

638 2030 835 2093 trum
870 2022 1251 2117 gravitatis
1299 2023 1560 2095 dividit
1614 2025 1863 2095 basem
1919 2024 2050 2096 FD
2095 2025 2202 2096 ita
2258 2038 2345 2096 ut
2403 2048 2571 2120 pars
2618 2023 2712 2096 ad

635 2134 990 2206 verticem
1047 2137 1144 2208 sit
1201 2136 1296 2208 ad
1341 2137 1697 2232 reliquam
1751 2150 1835 2209 ut
1891 2146 1935 2209 3
1991 2137 2086 2210 ad
2146 2147 2207 2226 l,
2255 2138 2333 2210 id
2388 2139 2608 2211 estin
2645 2172 2709 2236 γ.

642 2246 891 2319 Quare
925 2248 1221 2341 planum
1260 2263 1584 2320 erectum
1614 2250 1707 2320 ad
1740 2249 2038 2345 planum
2070 2251 2342 2324 chartae
2378 2252 2453 2323 in
2516 2275 2717 2323 com-

642 2360 847 2431 muni
909 2360 1230 2432 sectione
1293 2362 1425 2433 FD
1462 2384 1715 2432 secans
1784 2385 1947 2433 eam
2016 2363 2091 2434 in
2127 2395 2188 2451 γ,
2252 2376 2364 2437 est
2417 2364 2716 2459 planum

642 2473 1029 2569 aequilibrii
1064 2484 1220 2545 tum
1271 2473 1494 2570 ipsius
1544 2475 1733 2562 coni,
1795 2486 1954 2547 tum
1991 2477 2211 2549 etiam
2268 2477 2551 2550 dimidii
2601 2478 2718 2549 vel

644 2587 1065 2681 quotaelibet
1117 2588 1347 2682 partis
1404 2591 1582 2683 ejus,
1713 2588 2017 2663 Planum
2078 2592 2273 2663 enim
2333 2591 2720 2687 aequilibrii

645 2697 905 2770 dividit
938 2698 1097 2770 haec
1133 2699 1207 2772 in
1262 2713 1635 2772 momenta
1689 2701 2024 2797 aequalia.
2127 2703 2260 2776 Est
2317 2729 2491 2800 ergo
2552 2728 2720 2777 cen-

643 2823 835 2883 trum
873 2811 1259 2906 aequilibrii
1296 2813 1530 2901 solidi,
1571 2813 1768 2909 quod
1800 2815 1887 2886 fit
1923 2839 1967 2886 a
2003 2830 2265 2912 quarta
2298 2831 2508 2912 parte
2543 2842 2720 2890 con-

641 2925 994 2996 versionis
1054 2926 1403 3022 trianguli
1464 2928 1623 3011 FD,
1686 2929 1763 3000 in
1820 2928 2041 3024 plano
2105 2930 2530 3025 quadrantis
2598 2932 2717 3004 de-

644 3039 901 3134 scripti
937 3064 981 3111 a
1012 3077 1101 3126 γγ
1140 3051 1213 3112 et
1249 3041 1472 3113 erecti
1508 3041 1601 3112 ad
1635 3041 1933 3136 planum
1972 3042 2266 3115 chartae.
2352 3044 2719 3117 Quoniam

643 3166 891 3223 autem
927 3176 1139 3224 arcus
1177 3153 1606 3249 quadrantis
1643 3153 1989 3249 descripti
2045 3179 2089 3226 a
2123 3156 2265 3227 DB
2315 3156 2578 3251 duplus
2611 3170 2721 3231 est

643 3288 858 3337 arcus
897 3265 1112 3339 BCD
1135 3266 1497 3363 ‘descripti
1533 3267 1624 3339 ab
1663 3269 1830 3356 AB,
1867 3283 1942 3340 et
1968 3280 2304 3340 centrum
2338 3270 2719 3364 gravitatis

643 3377 1076 3450 semicirculi
1114 3378 1327 3451 BCD
1364 3380 1589 3452 distat
1623 3405 1667 3451 a
1703 3391 1957 3452 centro
2017 3382 2076 3453 A
2132 3381 2515 3454 intervallo
2552 3383 2719 3469 AO,

644 3491 783 3563 erit
828 3505 1163 3564 centrum
1198 3493 1583 3587 gravitatis
1622 3493 2057 3567 semicirculi
2108 3494 2452 3591 descripti
2499 3519 2543 3567 a
2576 3495 2719 3568 DB

643 3606 717 3676 in
757 3604 1102 3676 distantia
1136 3629 1181 3676 a
1215 3617 1468 3677 centro
1504 3607 1572 3679 D
1594 3616 1823 3694 tanta,
1853 3620 2128 3702 quanta
2162 3620 2275 3680 est
2297 3608 2519 3704 dupla
2547 3608 2717 3681 AO.

645 3716 993 3789 Sumatur
1028 3717 1170 3790 DT
1206 3719 1507 3814 aequalis
1568 3718 1808 3814 duplae
1865 3719 2034 3806 AO,
2073 3719 2531 3816 ducaturque
2594 3723 2721 3794 FT

641 3853 897 3902 secans
920 3865 1008 3915 γγ
1036 3831 1108 3902 in
1146 3831 1235 3902 V.
1309 3832 1580 3917 Quare,
1618 3831 1912 3928 quando
1951 3833 2024 3905 in
2080 3836 2558 3907 conversione
2589 3835 2721 3907 tri-

641 3944 891 4038 anguli
952 3944 1161 4015 FDB
1213 3954 1419 4016 recta
1451 3945 1594 4017 DT
1621 3945 1707 4017 fit
1733 3946 1952 4041 plano
1991 3947 2268 4019 chartae
2329 3948 2721 4043 perpendi-

639 4057 927 4144 culariS‚
965 4056 1107 4129 erit
1138 4071 1496 4151 punctum
1523 4058 1586 4131 T
1621 4072 1958 4130 centrum
1986 4059 2371 4154 gravitatis
2399 4062 2721 4134 semicir-

637 4170 781 4242 culi
843 4170 1194 4266 descripti
1254 4194 1299 4241 a
1359 4170 1717 4244 diametro
1780 4171 1946 4245 DB.
2055 4174 2269 4246 Secet
2324 4185 2527 4247 recta
2589 4176 2718 4248 FB

635 4294 913 4355 rectam
938 4319 1030 4370 γγ
1090 4284 1163 4354 in
1218 4282 1315 4354 X.
1423 4283 1671 4356 Quare
1743 4284 2034 4379 quando
2096 4285 2172 4358 in
2240 4286 2715 4359 conversione

634 4397 979 4491 trianguli
1036 4396 1268 4483 FDT‚
1306 4395 1422 4482 yV
1459 4407 1567 4468 est
1615 4396 1708 4469 ad
1769 4397 2069 4492 planum
2124 4399 2401 4472 chartae
2450 4411 2723 4487 erecta,
