3094 5125
705 475 801 541 62
1142 487 1678 541 nxAMmA‘rlo
1721 488 1822 540 m·
1859 489 2357 541 ΕΜΕΝΒΑΤιο

333 676 636 720 nmmos
702 657 918 731 lineae
984 657 1293 753 integrae
1361 658 1819 747 circularem,
1900 659 2091 732 alter
2160 682 2294 755 per
2369 659 2797 733 continuam

335 758 620 863 ,ἐξά
703 769 918 843 lineae
944 784 1167 844 rectae
1190 771 1605 844 flexionem.
1697 770 1886 847 Quae
1914 770 2078 845 duae
2106 771 2545 867 angulorum
2570 795 2797 868 gene-

702 883 1024 957 rationes
1060 884 1242 957 adeo
1272 896 1447 958 sunt
1473 885 1807 974 diversae‚
1842 897 1929 958 ut
1961 885 2099 982 ipsi
2126 885 2377 980 anguli
2411 885 2560 958 sint
2592 885 2798 959 hete-

702 998 1029 1091 rogenei‚
1066 1021 1203 1071 nec
1237 1021 1385 1071 una
1427 998 1854 1072 definitione
1908 998 2431 1095 comprehendi
2482 999 2792 1094 possint.

704 1110 953 1183 Habet
1014 1110 1309 1207 quidem
1377 1122 1686 1207 uterque
1745 1134 2016 1184 nomen
2078 1110 2352 1207 anguli,
2415 1111 2548 1185 sed
2606 1112 2796 1185 alter

702 1222 1132 1318 simpliciter
1183 1225 1291 1298 ita
1343 1224 1594 1298 vocari
1650 1223 1884 1309 solet;
1938 1224 2127 1297 alter
2176 1247 2310 1321 per
2359 1223 2793 1320 adjunctum

701 1333 1022 1432 angulus
1049 1345 1455 1410 contactus.
1563 1337 1773 1426 Haec,
1809 1359 1979 1409 cum
2006 1361 2155 1409 non
2182 1348 2386 1409 recte
2412 1337 2792 1412 intellecta

700 1446 996 1538 fuerint,
1050 1450 1621 1524 controversiam
1673 1451 2094 1524 excitarunt
2143 1450 2238 1523 de
2293 1452 2566 1546 angulo
2609 1475 2789 1525 con-

704 1572 945 1635 tactus
999 1563 1194 1636 inter
1240 1563 1574 1637 Clavium
1618 1575 1695 1637 et
1736 1563 2229 1649 Pellitarium;
2283 1588 2448 1659 quae
2482 1564 2788 1639 excitari

701 1698 854 1748 non
893 1687 1209 1771 poterat,
1259 1677 1321 1749 si
1358 1676 1685 1750 definitio
1720 1676 2046 1750 Euclidis
2097 1677 2272 1750 satis
2316 1677 2580 1752 fuisset
2621 1701 2785 1775 per-

701 1789 976 1885 spicua.

798 1903 901 1975 B.
951 1903 1357 1979 Audiamus
1416 1905 1802 2000 utriusque
1869 1903 2158 1999 generis
2218 1902 2471 1999 anguli
2526 1903 2782 1977 defini·

697 2014 977 2089 tionem
1012 2029 1236 2090 tuam.

799 2129 898 2204 A.
949 2129 1320 2227 Anguste,
1346 2128 1794 2226 simpliciter
1822 2128 2089 2218 dic-tua,
2116 2137 2228 2201 est
2252 2127 2567 2202 duarum
2601 2129 2780 2203 line-

699 2265 912 2315 arum
944 2240 1093 2314 sibi
1125 2252 1364 2314 mutuo
1400 2242 1475 2314 in
1495 2241 1734 2339 plano
1768 2242 2351 2342 congruentium,
2364 2244 2610 2339 facta
2629 2264 2782 2342 per

698 2364 966 2426 motum
1000 2354 1446 2427 circularem
1477 2379 1709 2452 super
1761 2354 2003 2428 altero
2044 2354 2358 2429 termino
2392 2366 2475 2428 ut
2507 2366 2778 2444 centro,

699 2466 917 2540 unius
952 2465 1047 2538 ab
1081 2465 1330 2539 altera
1364 2467 1761 2566 dig-remia

794 2579 897 2651 B.
951 2578 1227 2675 Anguli
1264 2581 1636 2676 quantitas
1670 2580 2038 2678 quomodo
2074 2578 2473 2653 definitur?

795 2693 894 2768 A.
950 2694 1345 2769 Quantitas
1383 2692 1669 2793 anguli,
1706 2694 2135 2791 simpliciter
2164 2692 2370 2780 dicti,
2405 2706 2520 2766 est
2553 2717 2778 2789 quan·

696 2809 871 2882 titas
914 2831 1138 2881 arcus
1183 2807 1446 2882 circuli
1497 2806 1883 2904 cujuslibet
1927 2806 2298 2905 descripti
2341 2816 2592 2879 centro
2627 2805 2773 2895 illo,

697 2919 775 2993 in
811 2946 946 3017 quo
981 2921 1193 2995 lineae
1228 2947 1381 3019 quoe
1415 2946 1670 2995 arcum
1705 2921 2191 3018 intercipiunt
2224 2944 2306 2992 se
2338 2930 2581 2993 mutuo
2617 2929 2776 2993 tan-

691 3044 908 3131 gunt,
942 3033 1039 3108 ab
1074 3035 1340 3108 iisdem
1369 3035 1590 3109 lineis
1625 3035 2041 3133 intercepti.
2148 3032 2496 3132 Angulus
2542 3044 2776 3107 autem

698 3155 1106 3236 contactus,
1142 3157 1258 3221 est
1291 3148 1602 3221 duarum
1638 3147 2002 3221 linearum
2037 3147 2113 3219 in
2144 3144 2385 3244 plano
2418 3170 2503 3220 se
2537 3158 2775 3221 mutuo

700 3261 1162 3357 tangentium
1207 3262 1585 3360 digressio
1600 3260 1844 3358 sacta
1874 3284 2028 3358 per
2063 3258 2477 3333 continuam
2493 3260 2776 3355 flexio-

696 3395 874 3446 nem.

794 3486 894 3558 B.
949 3486 1198 3561 Quare
1235 3487 1381 3561 duo
1414 3488 1575 3562 haec
1619 3511 1894 3585 genera
1946 3487 2385 3584 angulorum
2431 3510 2582 3560 non
2617 3511 2776 3585 pos·

695 3610 869 3672 sunt
901 3600 1035 3672 sub
1070 3624 1219 3673 uno
1254 3601 1485 3696 magis
1520 3601 1763 3697 amplo
1797 3624 2066 3698 genere
2101 3599 2461 3674 contineri
2492 3600 2517 3672 ἓ

793 3711 893 3784 A.
949 3713 1146 3787 Quia
1196 3737 1347 3787 non
1398 3726 1919 3787 mensurantur
1966 3737 2100 3810 per
2143 3713 2360 3785 unius
2412 3736 2776 3786 mensurae

693 3824 1278 3921 applicationem.
1383 3825 1577 3899 Nam
1645 3826 1955 3923 angulus
2022 3825 2453 3922 simpliciter
2513 3825 2774 3916 dictuS,

690 3948 941 4011 tantus
1002 3950 1116 4011 est
1175 3950 1489 4035 quantus
1543 3951 1654 4013 est
1708 3963 1920 4013 arcus
1974 3939 2228 4012 circuli
2277 3939 2772 4035 interceptus;

691 4051 1004 4146 ideoque
1030 4074 1162 4146 per
1187 4075 1439 4123 arcum
1469 4052 1725 4125 circuli
1752 4064 2243 4125 mensuratur.
2327 4051 2433 4124 At
2465 4051 2777 4148 angulus

692 4174 1103 4251 contactae,
1151 4173 1619 4236 mensuratur
1663 4187 1797 4261 per
1841 4164 2112 4238 lineam
2157 4174 2437 4236 rectam
2477 4163 2776 4237 ductam

688 4300 738 4348 a
789 4287 1064 4373 puncto
1126 4287 1513 4349 contactus
1570 4276 1666 4350 ad
1724 4275 2413 4350 circumferentiam.
2518 4276 2774 4372 Itaque

691 4389 1235 4485 magnitudines
1289 4389 1603 4465 duorum
1650 4391 2085 4486 angulorum
2138 4398 2524 4463 contactus
2571 4412 2771 4463 men-
