3094 5125
1045 517 1716 570 GnoMETRARuM.
2270 501 2417 566 413

337 710 497 761 esse
543 710 694 759 non
727 695 1056 782 possunt,
1094 685 1225 758 sed
1274 685 1353 757 in
1403 684 1733 780 ipsorum
1776 705 2078 756 arcuum
2135 681 2421 755 ratione
2531 709 2665 749 cm».
2696 709 2757 747 x.

341 800 757 897 inaequaleS.
859 799 1100 872 Etiam
1139 810 1224 870 ut
1271 796 1776 894 longitudines
1823 795 2216 892 inaequales
2250 819 2423 891 qua·
2508 775 2805 896 m

343 929 557 987 tenus
594 911 1089 1008 longitudines
1124 910 1394 983 similes
1423 911 1595 999 sint,
1626 910 1829 983 dictu
1863 908 2262 981 absurdum
2289 918 2420 981 est.
2509 904 2765 963 Pfim⁸·⁰‘⁰·

447 1026 828 1099 Hactenus
863 1037 1170 1121 peccata
1204 1023 1720 1097 definitionum
1754 1022 2081 1096 Euclidis
2115 1022 2428 1095 leviora:

349 1164 513 1236 quae
547 1150 820 1228 tamen,
850 1139 913 1211 si
949 1138 1611 1211 demonstrationes
1639 1135 1878 1209 nullas
1906 1135 2265 1223 inficiunt,
2295 1156 2431 1229 pro

346 1252 565 1327 nullis
600 1253 1030 1325 habeantur.
1121 1250 1415 1323 Accedo
1443 1251 1599 1345 jam
1635 1249 1732 1322 ad
1768 1247 2230 1322 definitiones
2264 1247 2432 1320 Ele-

347 1365 580 1438 menti
606 1366 867 1462 quinti,
895 1388 1057 1461 quae
1084 1365 1461 1461 pertinent
1496 1363 1591 1436 ad
1621 1362 2032 1436 doctrinam
2059 1362 2431 1436 rationum

353 1492 429 1552 et
462 1479 1047 1575 proportionum,
1083 1476 1505 1575 geometriae
1537 1476 1955 1550 medullam.

1196 2067 1404 2141 CAP.
1476 2067 1611 2140 XI.

1112 2251 1220 2303 DE
1298 2252 1696 2304 RATIONE.

370 2385 643 2457 ΡΒΙΜΑ
672 2392 806 2470 est,
829 2404 1032 2478 pars
1054 2390 1169 2454 est
1194 2380 1631 2479 magnitudo
1660 2380 2189 2481 magnitudinis
2212 2382 2447 2455 minor

368 2496 704 2594 majori-9,
741 2519 900 2568 cum
927 2495 1160 2568 minor
1185 2496 1480 2570 metitur
1514 2496 1884 2592 majorem.
1993 2495 2070 2570 Si
2098 2519 2233 2593 per
2252 2519 2451 2596 par-

374 2620 519 2684 tem
578 2608 942 2704 intelligat
996 2621 1283 2704 partem
1342 2608 1766 2705 aliquotam,
1824 2621 1901 2682 et
1954 2609 2148 2682 inter
2202 2622 2451 2705 partes

375 2722 735 2818 aliquotas
807 2732 1146 2795 numerat
1204 2734 1469 2811 totum,
1529 2722 1731 2815 (nam
1803 2724 2083 2820 aequale
2150 2723 2455 2796 metitur

379 2833 719 2931 aequale),
754 2835 950 2906 bona
983 2847 1135 2907 est:
1186 2848 1262 2908 et
1296 2834 1554 2907 eadem
1588 2835 1666 2907 in
1699 2834 1912 2909 lineis
1945 2850 2057 2910 est
2090 2859 2232 2923 res,
2254 2859 2458 2933 par-s·

380 2959 457 3019 et
490 2968 850 3018 mensura.

481 3057 835 3133 Definitio
891 3056 1151 3130 tertia:
1212 3055 1442 3131 Ratio
1487 3068 1600 3131 est
1650 3059 1964 3133 duarum
2008 3060 2463 3160 magnitudi-

380 3197 550 3247 num
609 3169 932 3265 ejusdem
986 3169 1300 3268 generis
1366 3180 1619 3243 mutua
1672 3171 2012 3268 quaedam
2078 3174 2465 3247 secundum

383 3285 883 3383 quantitatem
943 3282 1318 3356 habitudo.
1425 3283 1609 3358 Quis
1670 3308 1760 3357 ex
1820 3285 2245 3360 definitione
2298 3289 2464 3377 hac,

387 3397 654 3472 Latina
681 3398 834 3471 sive
857 3398 1136 3486 Graeca,
1159 3409 1498 3470 naturam
1519 3398 1824 3472 rationis
1847 3401 2468 3497 comprehendere

388 3510 768 3585 intellectu
795 3509 1081 3608 potest?
1152 3509 1353 3584 Quid
1381 3511 1579 3584 enim
1605 3521 1715 3584 est
1749 3512 2075 3608 ejusdem
2094 3515 2400 3612 generis
2424 3518 2470 3587 2

392 3623 540 3697 Ubi
574 3625 714 3697 hoc
755 3626 833 3698 in
887 3622 1489 3698 antecedentibus
1550 3625 1991 3722 explicavit?
2098 3627 2298 3702 Quid
2356 3639 2470 3700 est

390 3736 575 3809 illud
611 3737 964 3833 quaedam,
1003 3736 1154 3810 sive
1208 3737 1323 3830 (ut
1366 3737 1620 3810 Graece
1666 3740 1909 3832 sonat)
1964 3740 2318 3837 aliqualis
2340 3740 2474 3811 Ita-

396 3847 647 3922 bitudo
676 3854 719 3922 ἓ
848 3850 1048 3925 Quid
1103 3849 1420 3947 denique
1472 3849 1894 3925 habitudo?
2015 3853 2274 3950 Neque
2328 3854 2472 3926 hoc

394 3985 703 4057 usquam
732 3961 1085 4048 definivit,
1119 3986 1359 4059 neque
1388 3964 1902 4060 quantitatem.

500 4074 752 4147 Ideam
785 4076 1092 4148 rationis
1134 4075 1258 4170 (de
1281 4100 1427 4171 qua
1450 4078 1592 4150 hoc
1628 4077 1791 4152 loco
1818 4076 2190 4170 Euclides)
2219 4102 2474 4152 omnes

396 4186 801 4284 perfectam
859 4187 1158 4260 habent.
1261 4190 1638 4263 Mercator
1695 4190 1856 4278 scit,
1913 4213 2004 4262 ex
2066 4192 2478 4286 quantitate

397 4298 682 4373 collatae
717 4323 763 4372 a
795 4322 872 4372 se
906 4300 1259 4396 pecuniae,
1296 4314 1654 4398 quantum
1699 4303 1968 4376 habere
2017 4300 2234 4376 debet
2267 4303 2477 4378 lucri.

400 4412 725 4487 Colonus
759 4437 908 4487 non
942 4412 1234 4508 ignorat
1269 4427 1626 4509 quantum
1652 4439 1868 4491 usum
1889 4415 2049 4513 agri
2074 4419 2480 4494 communis
