3094 5125
676 438 823 501 422
963 451 1070 503 na
1111 450 1572 503 ancn’us
1613 451 1713 503 ET
1752 449 2478 504 narlocmA'rloNss

1480 768 1688 841 CAP.
1751 767 1966 842 XIII.

1202 952 1307 1003 1)ss
1347 951 1799 1004 RATIONUM
1838 952 2239 1011 cALano.

310 1089 610 1128 cmxm.
682 1070 1134 1142 Darmrrlo
1209 1068 1494 1143 decima
1565 1069 2228 1166 irreprehensibilis
2296 1079 2434 1153 est,
2501 1090 2764 1162 nempe

289 1158 596 1258 οἶεῖιῑᾞῑωζ
679 1182 882 1254 haec:
975 1180 1153 1253 Cum
1203 1192 1440 1253 autem
1508 1191 1661 1254 tres
1721 1181 2273 1281 magnitudines
2316 1181 2762 1277 proportio-

290 1279 477 1324 “¹‘³¹¹¹⁰·
680 1293 1253 1390 nalesfuerunt,
1280 1296 1532 1390 prima
1568 1295 1677 1368 ad
1701 1296 2002 1368 tertiam
2034 1294 2499 1392 duplicatam
2532 1292 2764 1365 ratio-

679 1431 835 1478 nem
868 1405 1144 1479 habere
1182 1406 1466 1480 dicitur
1501 1409 1664 1501 ejus
1689 1431 1909 1505 quam
1942 1406 2166 1480 habet
2199 1406 2311 1479 ad
2329 1405 2762 1478 secundam.-

680 1529 765 1595 at
801 1545 959 1593 cum
994 1528 1315 1617 quatuor
1356 1519 1908 1617 magnitudines
1940 1516 2551 1618 proportionales
2574 1517 2764 1613 sue-

678 1632 853 1722 rint,
908 1632 1171 1730 prima
1238 1632 1348 1707 ad
1432 1643 1780 1730 quartam
1860 1634 2325 1731 triplicata-m
2402 1630 2763 1704 rationem

680 1744 954 1818 habere
990 1745 1270 1818 dicitur
1305 1747 1465 1840 ejas
1498 1770 1715 1843 qaam
1749 1745 1972 1819 habet
2021 1745 2133 1820 ad
2180 1743 2578 1818 secundam
2602 1771 2632 1816 .·
2681 1753 2762 1816 et

679 1881 968 1955 semper
1003 1858 1380 1955 deinceps,
1416 1882 1556 1931 uno
1594 1858 1917 1956 amplius
1967 1857 2321 1958 quamdiu
2360 1856 2762 1954 prqmrtio

681 1971 1043 2046 extiterit.

779 2087 912 2159 Est
957 2097 1205 2159 autem
1251 2084 1448 2182 quod
1494 2083 1931 2181 reprehendi
1987 2098 2232 2180 potest
2282 2096 2360 2158 et
2414 2083 2634 2157 debet
2677 2083 2758 2156 in

680 2200 1137 2296 expositione
1169 2199 1388 2295 hujus
1423 2197 1868 2271 definitionis
1920 2197 2119 2293 apud
2167 2198 2530 2271 Clavium.
2635 2197 2758 2270 Sic

682 2313 879 2384 enim
933 2312 1236 2384 scribit:
1310 2316 1354 2349 “
1381 2311 1830 2406 Interpretes
1863 2310 2198 2383 nonnulli
2257 2310 2614 2406 colligunt
2666 2333 2756 2382 ex

680 2426 819 2499 hac
871 2425 1317 2512 definitione,
1356 2424 1417 2495 si
1467 2436 1978 2520 proponantur
2024 2424 2270 2519 plures
2306 2423 2756 2520 quantitates

679 2538 1029 2612 continue
1049 2536 1653 2635 proportionales»,
1675 2538 2229 2632 proportionem
2250 2537 2507 2634 primae
2530 2559 2760 2633 quan·

681 2653 913 2726 titatis
948 2651 1043 2724 ad
1095 2651 1392 2724 tertiam
1426 2673 1585 2722 esse
1620 2649 1916 2746 duplam
1967 2651 2459 2748 proportionis
2504 2651 2760 2747 primae

682 2764 1112 2862 quantitatis
1146 2762 1241 2836 ad
1287 2762 1707 2851 secundam,
1762 2787 1848 2835 eo
1899 2764 2099 2858 quod
2159 2764 2501 2837 Euclides
2556 2763 2757 2836 illam

683 2890 896 2951 vocet
965 2877 1413 2972 duplicatam
1479 2875 2030 2972 proportionem
2099 2878 2340 2973 hujuS.
2474 2877 2759 2950 Eodem

682 2991 900 3064 modo
942 2990 1221 3078 volunt,
1270 2989 1819 3085 proportionem
1871 2989 2130 3085 primae
2181 2989 2612 3086 quantitatis
2662 2989 2761 3063 ad

685 3115 1044 3200 quartam,
1105 3127 1261 3176 esse
1330 3101 1626 3198 triplam
1693 3103 2189 3198 proportionis
2250 3126 2466 3199 quam
2533 3102 2761 3176 habet

683 3219 921 3314 prima
965 3218 1332 3313 quantitas
1378 3216 1473 3289 ad
1522 3216 1943 3306 secundam,
1992 3228 2133 3290 etc.
2242 3216 2465 3291 Quod
2515 3232 2760 3290 tamen

685 3331 887 3403 nulla
920 3344 1031 3403 est
1066 3331 1349 3403 ratione
1386 3329 1961 3404 concedendum.
2084 3330 2348 3427 Neque
2384 3332 2579 3404 enim
2613 3332 2764 3404 Eu-

686 3443 911 3517 clides
934 3444 1075 3516 hoc
1097 3444 1511 3540 significare
1544 3444 1797 3533 voluit,
1823 3444 1953 3518 sed
1974 3443 2229 3518 docuit
2250 3445 2763 3520 tantummodo

687 3557 1236 3656 proportionem
1269 3558 1524 3654 primae
1560 3558 1996 3655 quantitatis
2031 3557 2127 3630 ad
2163 3559 2480 3647 tertiam,
2515 3559 2767 3655 appel-

688 3672 823 3747 lari
847 3671 1289 3767 duplicatam
1328 3674 1482 3767 ejus
1509 3671 2004 3768 proportionis
2039 3694 2258 3767 quam
2278 3673 2505 3747 habet
2528 3672 2767 3768 prima

691 3786 1063 3882 quantitas
1098 3784 1193 3857 ad
1229 3784 1625 3858 secundam
1654 3817 1674 3868 ;
1727 3799 2116 3881 propterea
2150 3785 2349 3883 quod
2391 3787 2585 3861 inter
2616 3788 2770 3883 pri-

693 3924 888 3973 mam
953 3899 1435 3995 quantitatem
1495 3922 1584 3971 ao
1645 3899 1939 3971 tertiam
1999 3900 2362 3994 reperitur
2415 3901 2769 3998 quodam-

693 4014 913 4086 modo
947 4012 1328 4108 proportio
1358 4012 1613 4107 primae
1638 4013 2073 4108 quantitatis
2093 4013 2189 4086 ad
2211 4014 2610 4090 secundam
2633 4016 2770 4090 du-

690 4127 964 4221 plicata
993 4158 1012 4211 ;
1065 4126 1334 4222 quippe
1369 4149 1535 4198 cum
1583 4127 1781 4199 inter
1813 4127 2127 4223 primam
2160 4128 2646 4224 quantitatem
2679 4153 2771 4205 ac

694 4238 988 4313 tertiam
1025 4239 1586 4335 interponantur
1622 4240 1788 4314 duae
1822 4240 2333 4339 proportiones
2359 4242 2675 4338 aequales
2700 4244 2772 4318 ei

694 4352 1177 4448 proportioni,
1215 4377 1431 4448 quam
1460 4354 1683 4427 habet
1708 4354 1947 4450 prima
1972 4354 2348 4450 quantitas
2383 4355 2479 4428 ad
2512 4380 2772 4431 secun-
