3094 5125
777 509 1418 563 MATHEMATIGAE
1463 511 1950 563 nomunNAE.
2304 502 2396 566 55

350 656 456 733 A.
516 660 761 736 Idem
826 688 1118 737 cense0.
1218 665 1708 738 Transeamus
1763 687 1940 760 ergo
1995 663 2095 737 ad
2153 663 2400 761 Caput
2471 698 2768 739 immons

251 773 710 869 septimum.
958 870 963 874 ᾗ
2585 779 2649 819 ¹¹·
2754 845 2762 862 ‚

348 888 458 961 Β.
519 889 707 962 Imo
743 915 932 964 vero
968 891 1063 964 ad
1097 890 1461 965 decimum
1491 919 1510 963 ι
1562 889 1749 963 nihil
1783 890 1981 964 enim
2013 890 2400 965 continent

254 1000 718 1095 septimum,
762 1018 1112 1078 octavum
1147 1014 1223 1078 et
1271 1027 1578 1090 nonum,
1611 1014 1884 1101 praeter
1924 1026 2400 1078 numerorum

250 1113 546 1187 variam
588 1117 1122 1213 scriptionem,
1167 1118 1515 1191 nimirum
1561 1117 1640 1190 in
1676 1117 1854 1214 Cap.
1891 1116 2041 1207 vii„
2093 1118 2399 1191 modum

253 1228 659 1302 scribendi
688 1254 1053 1304 numeros
1086 1254 1219 1328 per
1244 1231 1495 1304 literas
1523 1230 1897 1327 alphabeti
1933 1254 2399 1304 communem

254 1338 544 1414 Graecis
586 1355 682 1415 et
726 1343 1120 1430 Hebraeis3
1173 1344 1251 1417 in
1289 1354 1552 1418 octavo
1598 1346 1803 1433 item,
1859 1342 2158 1417 modum
2218 1345 2397 1417 scri-

257 1451 491 1526 bendi
532 1479 692 1550 per
747 1456 998 1529 literas
1048 1456 1420 1554 alphabeti
1478 1480 1943 1531 communem
1997 1457 2272 1530 Graecis
2326 1467 2399 1530 et

262 1563 558 1639 Latinis
593 1600 617 1653 ;
680 1569 773 1641 in
808 1594 1001 1643 nono
1039 1569 1131 1644 de
1166 1570 1463 1668 cyphris
1498 1571 1819 1644 maxima
1846 1594 1935 1645 ex
1970 1581 2184 1667 parte
2219 1571 2398 1643 satis

266 1681 628 1773 cognitiS‚
671 1696 956 1756 eaetera
986 1684 1257 1780 partim
1292 1684 1578 1770 frivola,
1606 1685 1874 1782 partim
1913 1685 2173 1758 aliena.
2250 1684 2398 1757 Sed

268 1813 314 1863 a
366 1816 561 1866 voce
630 1794 962 1893 cyphra,
1017 1807 1261 1870 ortum
1325 1797 1665 1871 habuisse
1728 1796 1946 1872 docet
1993 1820 2210 1870 voces
2268 1822 2397 1893 cy-

255 1903 620 1999 phrandi
675 1920 762 1982 et
797 1909 1337 2008 decyphrandi,
1373 1934 1508 2007 pro
1564 1911 1928 2007 scriptura
1978 1910 2272 1983 occulta
2322 1922 2397 1983 et

275 2018 617 2113 ejusdem
662 2017 1462 2119 explicatione—Qua
1488 2022 1872 2095 scribendi
1899 2022 2193 2094 ratione
2218 2032 2398 2094 tem-

261 2154 459 2225 pore
521 2132 725 2208 belli
773 2135 1019 2209 civilis
1077 2160 1236 2209 cum
1288 2158 1527 2208 omnes
1551 2136 1747 2231 fere
1801 2143 2210 2224 uterentur,
2257 2159 2399 2207 non

266 2265 527 2338 pauca
562 2247 999 2345 hujusmodi
1032 2249 1327 2347 scripta
1362 2249 1437 2322 in
1471 2249 1735 2321 itinere
1768 2272 1901 2321 suo
1955 2250 2166 2343 (nota
2202 2249 2400 2344 quod

280 2354 356 2427 in
390 2359 691 2456 Anglia
726 2361 991 2435 itinera
1034 2361 1321 2434 faciunt
1355 2361 1717 2458 epistolae)
1758 2360 2201 2459 intercepta,
2250 2361 2402 2460 ipsi

292 2468 405 2561 (ut
430 2473 569 2569 ait)
606 2474 1073 2574 explicanda
1098 2474 1617 2548 tradebantur.
1691 2474 1804 2546 Et
1839 2475 2129 2573 quidem
2150 2499 2398 2548 eoram

286 2587 650 2661 nonnulla
680 2598 838 2661 tam
863 2586 1355 2686 insuperabili
1381 2587 1822 2682 difficultate
1843 2587 2169 2662 involuta
2192 2589 2397 2662 vide-

292 2690 588 2790 bantur,
648 2711 738 2774 at
770 2702 967 2797 fere
1012 2701 1106 2775 cle
1152 2699 1444 2774 illorum
1490 2701 1990 2798 explicatione
2039 2702 2397 2801 despera-

295 2809 509 2902 verit,
545 2840 691 2887 nec
724 2814 876 2887 nisi
895 2823 1073 2910 post
1119 2813 1545 2887 diuturnam
1577 2813 2116 2911 inquisitionem
2152 2817 2398 2889 incre-

294 2919 511 2998 dibili
581 2926 848 3000 labore
913 2926 1413 3025 superaverit.
1560 2926 1880 3012 Quorum
1948 2950 2088 2999 non
2133 2953 2398 3026 pauca

295 3039 716 3130 specimina
752 3041 829 3114 in
868 3039 1182 3139 publica
1229 3037 1709 3113 Bibliotheca
1754 3038 2206 3137 Bodleyana
2249 3040 2397 3114 Ox-

298 3149 477 3226 oniae
510 3153 1032 3226 conservanda
1069 3152 1423 3225 tradidit.

393 3264 490 3338 A.
546 3267 684 3341 Ad
763 3268 1238 3341 scientiarum
1305 3265 1937 3339 Wallissianarum
2022 3266 2397 3338 cumulum

303 3395 444 3451 una
476 3381 728 3455 defuit
760 3381 1021 3477 gloria,
1077 3382 1264 3455 bene
1314 3379 1841 3476 deciphrandi:
1895 3380 2162 3453 merito
2219 3403 2397 3475 ergo

307 3492 651 3582 peritiam
704 3494 926 3567 istam
982 3517 1190 3567 suam
1244 3492 1573 3589 ignorari
1633 3492 1920 3577 noluit;
1990 3493 2399 3588 praesertim

316 3623 469 3679 cum
499 3607 889 3696 ThuanuS,
923 3606 1151 3678 vitam
1198 3605 1520 3678 scribens
1559 3605 1927 3678 Francisci
1952 3605 2187 3678 Vietae
2221 3628 2395 3700 geo·

313 3732 567 3796 metrae
607 3731 686 3794 et
725 3719 1166 3816 algebristae,
1218 3731 1393 3792 ante
1427 3718 1865 3804 Wallisium,
1917 3718 2239 3808 maximi,
2287 3718 2398 3792 in-

318 3834 610 3924 genium
646 3834 804 3930 ejus
839 3834 930 3906 ab
968 3832 1224 3906 eadem
1259 3831 1612 3905 facultate
1646 3829 2115 3904 laudavisset.
2201 3832 2396 3905 Nam

319 3947 606 4042 eyphrae
643 3944 978 4042 symbola
1011 3955 1207 4034 sunt,
1246 3957 1320 4018 et
1373 3968 1632 4018 earum
1690 3944 2016 4040 cognitio
2069 3955 2183 4019 est
2225 3969 2396 4041 pars

323 4060 755 4151 symbolicae.
835 4059 1097 4154 Itaque
1125 4082 1417 4154 aequum
1443 4070 1627 4146 erat,
1654 4069 1741 4130 ut
1774 4058 1867 4131 ab
1906 4082 1993 4131 ea
2025 4070 2182 4130 arte
2218 4058 2397 4154 ipse,

322 4180 395 4243 ut
416 4177 533 4249 cui
561 4174 824 4247 deerat
847 4171 1187 4246 laudator
1208 4171 1460 4245 similis
1486 4171 1818 4262 Thuan0,
1845 4170 2182 4245 laudaret
2216 4193 2397 4243 sese.

406 4286 498 4362 B.
554 4285 834 4382 Incipit
886 4286 1058 4358 hinc
1101 4287 1260 4381 jam
1315 4308 1500 4381 opus
1556 4284 2123 4358 arithmeticum.
2256 4283 2402 4357 Sed

322 4412 712 4501 antequam
762 4398 858 4472 ad
915 4398 1533 4473 examinationem
1591 4399 1748 4494 ejus
1792 4397 2194 4483 veniamuS‚
2249 4419 2403 4469 non

306 4508 424 4593 abs
458 4540 544 4591 re
582 4513 755 4587 fore
807 4512 1120 4586 arbitror
1181 4511 1242 4583 si
1300 4509 1725 4607 geometriae
1781 4520 1859 4582 et
1917 4505 2401 4583 arithmeticae
