3094 5125
365 624 503 667 OAP.
533 625 576 669 1·

327 764 396 809 Do
414 769 592 824 puncto.

691 421 836 487 392
972 435 1081 488 nn
1120 436 1579 490 ancu’us
1619 437 1721 491 m·
1754 434 2489 490 nArrocmATmNE

690 600 752 674 si
795 600 980 673 nihil
1030 602 1148 692 sit,
1184 602 1259 675 in
1303 602 1450 677 duo
1502 604 1753 677 nihila.
1857 602 2101 677 Etiam
2158 600 2479 676 circulus
2545 598 2809 673 secari

690 725 929 811 potest
988 716 1065 788 in
1125 729 1443 791 sectores
1503 731 2018 819 quotcunque:
2073 727 2147 791 et
2203 714 2561 812 proinde,
2620 737 2807 786 cum

692 829 927 901 omnis
961 843 1203 903 sector
1231 830 1515 903 desinat
1550 832 1625 903 in
1661 843 2039 926 punctum,
2068 829 2433 902 secabitur
2466 849 2808 924 quoque

688 954 1018 1015 centrum
1054 944 1130 1016 in
1171 943 1479 1017 totidem
1513 956 1809 1039 puncta,
1844 953 2091 1039 partes
2135 941 2442 1015 totidem
2476 939 2807 1023 centri;

688 1056 836 1128 sive
871 1068 1205 1129 centrum
1241 1056 1421 1129 illud
1456 1057 1822 1152 quantitas
1850 1057 1968 1145 sit,
2005 1056 2155 1129 sive
2190 1054 2395 1128 nihil.

787 1168 1134 1242 Definitio
1188 1193 1363 1265 ergo
1406 1168 1674 1268 puncti
1711 1168 1908 1265 apud
1953 1168 2353 1257 Euclidem,
2409 1163 2809 1262 quemad-

694 1279 992 1354 modum
1058 1305 1221 1355 eam
1271 1282 1692 1378 intelligunt
1734 1295 2127 1378 geometrae
2171 1291 2338 1378 post
2375 1277 2804 1352 Euclidem

689 1419 962 1485 omneS,
1017 1396 1283 1470 vitiosa
1343 1410 1479 1469 est.
1585 1398 1825 1471 Quam
1885 1406 2154 1484 tamen,
2209 1396 2271 1468 si
2328 1395 2638 1467 nullum
2716 1392 2804 1463 in

687 1508 1091 1605 geometria
1109 1531 1448 1582 errorem
1480 1508 1903 1605 peperisset,
1939 1507 2471 1606 praeteriissem.

788 1621 1138 1695 Definitio
1184 1621 1448 1719 puncti
1480 1644 1676 1710 vera,
1713 1632 1791 1693 et
1842 1644 2006 1717 quae
2038 1620 2299 1694 vitium
2339 1619 2647 1692 nullum
2710 1615 2796 1688 in

689 1735 1347 1810 demonstrationes
1382 1734 1673 1808 illatura
1707 1734 1823 1823 sit,
1853 1734 2019 1808 talis
2048 1758 2205 1808 esse
2238 1732 2489 1806 debet:
2515 1754 2795 1830 punc·

689 1858 836 1922 tum
868 1859 985 1922 est
1031 1847 1401 1922 divisibile
1446 1848 1759 1947 quidem,
1796 1847 1938 1921 sed
1965 1849 2172 1944 eujus
2210 1870 2404 1945 pars
2436 1844 2668 1918 nulla
2706 1843 2793 1915 in

688 1961 1311 2035 demonstratione
1344 1960 1893 2035 consideranda
1923 1970 2084 2033 est:
2136 1960 2214 2034 id
2258 1969 2394 2047 est,
2420 1957 2793 2032 conside-

685 2074 996 2148 randum
1033 2086 1166 2164 est,
1199 2098 1350 2147 non
1382 2086 1469 2147 ut
1499 2086 1877 2171 punctum,
1912 2073 2107 2169 quod
2142 2073 2394 2148 Graece
2428 2088 2620 2161 νυγμὴ
2662 2069 2789 2142 di-

687 2188 929 2272 citur;
979 2210 1219 2284 neque
1284 2197 1369 2261 ut
1415 2204 1642 2278 στιγμὴ,
1689 2211 1853 2283 quae
1908 2186 2161 2259 Graece
2206 2198 2320 2260 est
2379 2184 2783 2259 distinctio

685 2300 1032 2384 visibilis;
1085 2324 1250 2397 quae
1299 2301 1514 2374 ambo
1551 2309 1826 2396 quanta
1873 2310 2077 2373 sunt:
2131 2298 2261 2372 sed
2307 2310 2395 2372 ut
2439 2299 2777 2394 signum,

689 2413 886 2510 quod
917 2413 1170 2487 Graece
1222 2425 1333 2485 est
1367 2427 1619 2503 σημεῖον,
1656 2435 1802 2507 quo
1835 2412 2060 2486 verbo
2104 2413 2340 2487 utitur
2388 2411 2773 2486 Euclides.

691 2525 995 2622 Signum
1030 2525 1227 2598 enim
1259 2523 1517 2621 quanti
1549 2546 1813 2597 nomen
1844 2548 1992 2599 non
2029 2536 2164 2599 est.

788 2637 919 2710 Est
963 2637 1157 2709 enim
1207 2635 1635 2732 geometria,
1671 2636 1984 2709 scientia
2015 2662 2166 2736 qua
2206 2662 2299 2710 ex
2347 2636 2608 2736 aliqua
2643 2633 2780 2709 vel

690 2747 1055 2844 aliquibus
1089 2748 1536 2821 mensuratis
1556 2772 1706 2845 per
1741 2748 2377 2823 ratiocinationem
2404 2748 2769 2823 determi-

688 2885 945 2938 namus
1004 2862 1450 2957 quantitates
1497 2861 1698 2935 alias
1747 2887 1887 2934 non
1931 2874 2419 2936 mensuratas.
2522 2863 2768 2937 Recte

690 2974 915 3070 igitur
945 2974 1219 3072 incepit
1263 2975 1601 3050 Euclides
1636 3000 1682 3049 a
1716 2975 2141 3049 definitione
2187 3001 2568 3066 mensurae,
2610 3000 2768 3073 qua

686 3100 1203 3162 mensurantur
1233 3087 1769 3185 longitudines:
1808 3099 1886 3161 et
1911 3088 2148 3185 primo
2178 3089 2363 3179 loon,
2401 3113 2766 3163 mensuroe

688 3198 879 3273 illius
915 3202 1307 3275 terminum
1334 3201 1637 3290 definiit,
1673 3213 1749 3274 et
1781 3201 2071 3299 signum
2106 3225 2263 3275 esse
2299 3202 2506 3276 dixit.
2606 3200 2762 3276 Sed

691 3314 897 3408 cujus
941 3314 1048 3387 rei
1100 3314 1444 3411 signum?
1547 3313 1878 3411 Signum,
1915 3338 1960 3387 a
1993 3339 2138 3412 quo
2194 3338 2554 3390 mensurae
2606 3326 2763 3391 ter-

692 3426 931 3499 minus
963 3450 1153 3500 unus
1187 3440 1315 3501 aut
1348 3428 1530 3502 alter
1565 3440 1985 3501 mensurato
2021 3428 2455 3524 applicatur.

790 3540 1150 3614 Praeterea
1184 3542 1244 3614 si
1265 3552 1619 3640 punctum
1651 3541 2086 3616 indivisibile
2113 3554 2327 3630 esset,
2353 3542 2430 3615 id
2452 3556 2588 3633 est,
2615 3566 2759 3615 non

693 3661 1050 3748 quantum,
1101 3652 1177 3725 id
1226 3666 1360 3742 est,
1408 3654 1640 3727 nihil:
1705 3667 2131 3749 sequeretur
2186 3653 2618 3750 (suppositO,
2667 3668 2759 3728 ut

692 3790 886 3839 nunc
932 3776 1349 3863 supponunt
1396 3766 1789 3862 scriptores
1832 3767 2350 3858 mathematici,
2387 3767 2756 3863 quantita-

689 3890 839 3952 tem
875 3878 1099 3952 dividi
1133 3878 1209 3951 in
1254 3877 1643 3967 infinitum,
1681 3890 1765 3952 ut
1795 3892 2153 3976 punctum
2199 3880 2294 3955 sit
2325 3905 2494 3977 pars
2538 3881 2755 3955 lineae

690 3991 974 4066 infinite
1011 3991 1303 4088 exigua)
1343 4001 1626 4088 partem
1659 3991 1944 4065 infinite
1978 3993 2316 4089 exiguam
2346 3993 2564 4068 lineae
2599 4017 2758 4067 rec-

690 4115 812 4193 tae,
861 4116 936 4178 et
969 4106 1406 4201 quadratum
1450 4105 1646 4200 quod
1691 4106 1785 4181 sit
1837 4107 2136 4180 minima
2166 4131 2357 4204 *pars
2391 4107 2751 4204 quadrati,

691 4229 768 4291 et
813 4219 1080 4293 cubum
1115 4220 1243 4317 qui
1295 4219 1389 4295 sit
1439 4218 1739 4295 minima
1782 4243 1952 4317 pars
1998 4221 2190 4310 cubi,
2226 4245 2385 4298 esse
2426 4222 2627 4296 inter
2671 4245 2754 4295 se

691 4332 1021 4427 aequalia.
