3094 5125
837 474 954 525 nn
995 470 1603 526 MAGNITUDINB
1644 473 2008 527 cmcnm.
2312 453 2456 534 375

367 652 656 741 quartae
688 641 885 738 parti
917 640 1173 715 circuli
1219 641 1570 738 descripti
1604 639 2150 714 semidiametro
2184 638 2343 729 AB,
2382 652 2459 713 et
2525 666 2696 708 rnor.
2726 666 2853 707 xxv.

365 781 506 853 -per
540 778 993 852 consequens
1051 755 1349 853 aequalis
1403 756 1549 829 erit
1607 755 2006 852 perimetro
2054 754 2282 827 totius
2317 753 2461 827 cir·
2684 751 2689 772 '

372 871 520 944 culi
565 868 919 966 descripti
952 892 998 941 a
1030 869 1329 943 semisse
1374 882 1602 942 rectae
1634 868 1808 953 AB;
1861 880 1937 942 et
1969 867 2270 941 habebit
2303 867 2457 941 dia-

369 995 686 1057 metrum
721 982 1077 1078 aequalem
1110 983 1267 1056 AB.
1378 982 1628 1065 Quare
1683 982 2133 1078 triangulum
2167 994 2461 1055 rectan-

364 1096 625 1193 gulum
682 1096 797 1192 cuj
806 1120 890 1169 us
945 1097 1180 1170 latera
1238 1097 1437 1170 circa
1495 1107 1781 1170 rectum
1830 1095 2183 1192 angulum
2242 1094 2459 1170 MBG

367 1222 546 1284 ,sunt
574 1209 700 1282 BC
741 1220 817 1283 et
846 1211 1019 1300 ΒΜ,
1047 1210 1188 1285 erit
1215 1211 1495 1307 aequale
1524 1208 1799 1283 circulo
1836 1208 2208 1306 descripto
2246 1210 2461 1282 semi-

365 1324 733 1398 diametro
768 1349 932 1421 quae
965 1324 1061 1397 sit
1094 1325 1413 1397 semissis
1447 1335 1673 1397 rectae
1699 1322 1855 1395 ΑΒ.
1962 1321 2158 1394 Huic
2209 1332 2459 1395 autem

369 1437 740 1533 triangulo
770 1439 1048 1535 aequale
1071 1450 1182 1511 est
1203 1437 1712 1534 rectangulum
1741 1437 1877 1510 sub
1901 1436 2032 1509 AB
2055 1447 2131 1508 et
2155 1434 2461 1508 dimidia

373 1552 547 1639 ΒΜ,
585 1550 666 1624 id
721 1561 832 1623 est
883 1551 1312 1647 rectangulo
1346 1551 1644 1635 ABzvr3
1700 1561 1775 1623 et
1807 1548 2237 1645 rectangulo
2283 1549 2458 1622 huic

371 1664 648 1761 aequale
684 1676 796 1737 est
858 1665 1300 1761 quadratum
1349 1678 1575 1738 rectae
1627 1663 1781 1752 Dm,
1837 1662 2098 1736 mediae
2148 1686 2457 1758 propor-

369 1778 665 1851 tionalis
718 1779 911 1852 inter
961 1780 1094 1851 AB
1155 1779 1307 1851 sive
1350 1778 1510 1865 DC,
1564 1789 1642 1849 et
1691 1776 2069 1850 dimidiam
2107 1775 2257 1848 ΒΜ
2291 1800 2456 1873 quae

367 1902 483 1964 est
518 1890 655 1971 De.

1073 2086 1571 2139 PROPOSITIO
1614 2088 1756 2138 XV.

365 2264 369 2269 ·
468 2234 664 2308 Dato
698 2232 1058 2330 quadrato
1093 2230 1424 2304 invenire
1458 2229 1813 2326 aequalem
1850 2226 2230 2301 circulum.

470 2347 585 2420 Sit
623 2346 873 2420 datum
919 2347 1026 2439 (in
1061 2346 1165 2438 fig
1199 2344 1277 2437 2)
1319 2341 1761 2441 quadratum
1797 2340 2059 2415 ABCD
2096 2341 2215 2412 cui
2252 2340 2454 2414 inve-

365 2460 678 2533 niendus
747 2460 842 2533 sit
912 2458 1211 2554 aequalis
1267 2455 1607 2530 circulus.
1714 2455 2020 2528 Secetur
2076 2453 2267 2527 latus
2320 2455 2453 2527 AB

367 2573 892 2668 quadrifariam
954 2574 1032 2645 in
1067 2574 1151 2659 E,
1189 2573 1268 2662 F,
1307 2585 1383 2645 et
1418 2572 1481 2646 G
1511 2597 1528 2654 ;
1586 2568 2240 2666 compleanturque
2275 2592 2455 2664 qua-

369 2686 585 2759 drata
607 2686 952 2780 partium,
975 2710 1137 2781 quae
1166 2699 1387 2758 erunt
1413 2684 1751 2759 sedecem
1778 2682 1976 2756 inter
2002 2705 2080 2754 se
2107 2682 2451 2776 aequalia;

365 2798 878 2893 ducanturque
906 2796 1327 2892 diagonales
1350 2798 1512 2884 AD,
1537 2797 1692 2886 BC,
1717 2805 2047 2867 secantes
2082 2817 2159 2867 se
2193 2807 2453 2867 mutuo

366 2911 446 2983 in
481 2920 736 2984 centro
773 2909 1113 3007 quadrati
1148 2909 1244 2982 ad
1280 2910 1379 2981 H.
1485 2908 1758 2980 Centro
1788 2907 1859 2978 H
1900 2906 2288 2980 intervallo
2313 2908 2453 2980 HE

366 3025 482 3098 vel
519 3024 663 3098 HG
698 3024 1013 3097 ducatur
1064 3022 1457 3118 perimeter
1510 3019 1767 3094 circuli
1819 3044 2076 3093 secans
2110 3020 2243 3093 AB
2277 3020 2352 3093 in
2389 3020 2453 3092 E
2558 3069 2563 3073 -

366 3150 443 3213 et
477 3139 564 3228 G,
601 3149 675 3212 et
710 3136 1130 3232 diagonales
1169 3136 1246 3208 in
1281 3135 1351 3208 R
1386 3146 1462 3207 et
1499 3134 1575 3207 S.
1681 3132 1977 3206 Secabit
2025 3143 2276 3206 autem
2310 3134 2454 3206 cir-

367 3253 573 3326 culus
628 3252 863 3325 latera
921 3250 1199 3346 reliqua
1248 3248 1470 3321 etiam
1505 3245 2051 3343 quadrifariam,
2087 3247 2452 3320 transiens

363 3391 497 3462 per
529 3377 808 3462 puncta
842 3364 921 3452 P,
958 3363 1067 3451 M,
1103 3364 1194 3452 O,
1234 3362 1330 3451 N,
1369 3362 1440 3436 Q
1475 3373 1553 3434 et
1586 3360 1668 3433 L.

466 3480 649 3553 Dico
729 3477 1084 3551 circulum
1163 3476 1376 3548 hunc
1434 3473 1791 3571 aequalem
1872 3496 2027 3546 esse
2094 3472 2450 3571 quadrato

365 3591 653 3664 ABCD.
758 3590 1218 3664 Producatur
1246 3589 1382 3661 HF
1414 3587 1509 3660 ad
1545 3585 2214 3659 circumferentiam
2247 3586 2324 3658 in
2358 3587 2445 3659 T.

368 3703 447 3776 Si
482 3726 657 3798 ergo
692 3703 1100 3776 trilaterum
1143 3701 1365 3790 AER,
1402 3711 1834 3773 contentum
1889 3698 2171 3771 duabus
2224 3700 2445 3772 rectis

365 3816 520 3903 AE,
557 3817 694 3888 AR
719 3828 796 3888 et
827 3839 1005 3889 arcu
1038 3817 1194 3905 ER,
1231 3815 1508 3910 aequale
1544 3813 1640 3886 sit
1676 3812 2009 3885 trilatero
2058 3812 2237 3885 FTE
2274 3835 2443 3883 con-

364 3940 572 4002 tento
618 3928 899 4001 duabus
960 3929 1180 4001 rectis
1215 3929 1359 4013 EF,
1398 3927 1542 4015 FT,
1581 3938 1657 4000 et
1692 3949 1868 3999 arcu
1903 3926 2050 4014 ET,
2102 3923 2442 3997 manifes-

363 4055 524 4114 tum
558 4053 673 4114 est
724 4041 1170 4136 triangulum
1207 4042 1437 4128 AHF,
1489 4064 1755 4137 nempe
1788 4052 2075 4135 partem
2109 4049 2443 4110 octavam

364 4156 592 4229 totius
629 4153 993 4252 quadrati,
1029 4155 1309 4251 aequale
1365 4178 1521 4227 esse
1569 4153 1838 4227 sectori
1883 4151 2124 4238 HRT,
2162 4161 2442 4223 octavae

367 4269 543 4343 item
580 4267 771 4364 parti
808 4265 1033 4338 totius
1072 4267 1325 4339 circuli
1357 4295 1373 4337 ι
1430 4279 1506 4339 et
1541 4269 1646 4340 sic
1675 4267 1766 4339 de
1795 4263 2081 4337 caeteris
2117 4263 2446 4358 partibus
