3094 5125
503 391 649 458 260
1155 403 1262 454 nn
1302 400 1644 455 NATURA
1682 400 1953 453 AEms.

510 573 635 671 qui
704 572 961 644 matris
1022 570 1217 665 sugit
1277 571 1525 643 ubera.
1640 570 1927 643 Exucto
1985 592 2161 664 ergo
2218 569 2369 640 aeri
2431 568 2592 663 quis

505 688 710 759 locus
770 698 884 758 est
946 708 1091 779 (130
1162 708 1239 757 se
1299 684 1660 780 recipiat?
1774 682 2061 756 Nullus
2175 682 2347 754 Non
2415 707 2593 778 ergo

507 798 873 891 exugitur.
954 796 1208 869 Suctio
1246 821 1423 891 ergo
1459 796 1759 885 nihilne,
1796 796 2106 891 inquies,
2144 794 2352 890 agit?
2434 796 2593 867 Imo

509 911 845 985 multum.
953 910 1143 981 Nam
1181 910 1272 981 ab
1310 909 1434 981 illa
1469 911 1576 997 fit,
1609 910 1870 1006 primo,
1908 922 1995 982 ut
2027 908 2236 982 labra
2267 907 2595 1004 sugentis
2691 970 2696 973 ,

511 1026 608 1100 3(1
643 1024 909 1098 collum
944 1022 1210 1119 phialae
1243 1023 1350 1095 ita
1381 1037 1585 1095 arcte
1618 1022 2045 1110 adhereant,
2082 1037 2168 1095 ut
2195 1046 2343 1094 non
2380 1021 2595 1094 facile

514 1139 979 1224 divellantur,
1023 1136 1420 1232 incipiente
1458 1135 1945 1230 disjunctione
1981 1138 2073 1209 ab
2110 1136 2391 1208 ambitu
2419 1159 2597 1207 con-

514 1264 758 1326 tactus
794 1250 1179 1323 exteriore.
1282 1250 1646 1337 SecundO,
1682 1252 1769 1322 fit
1803 1250 2155 1347 sugendO,
2193 1264 2275 1322 ut
2311 1272 2437 1322 aer
2471 1248 2597 1344 qui

513 1376 627 1439 est
676 1366 874 1438 intra
915 1360 1260 1460 phialam,
1306 1375 1615 1437 conetur
1658 1388 1792 1460 per
1834 1388 1993 1436 eam
2039 1377 2326 1461 partem
2372 1362 2595 1450 exire,

513 1480 643 1552 ubi
687 1479 1041 1552 suctionis
1088 1489 1200 1551 est
1244 1478 1560 1566 initium,
1616 1477 1755 1550 hoc
1803 1490 1938 1567 est,
1999 1502 2133 1575 per
2176 1478 2440 1574 phialae
2487 1501 2594 1549 OS.

512 1593 775 1686 Itaque
810 1614 936 1663 ore
972 1589 1237 1687 phialae
1272 1590 2001 1687 quantulumcunque
2047 1592 2122 1664 in
2159 1615 2426 1687 aquam
2462 1591 2600 1664 im-

512 1728 779 1793 mers0,
836 1704 898 1776 si
958 1714 1265 1776 conatus
1320 1703 1508 1776 aeris
1570 1728 1788 1799 quem
1847 1705 2070 1777 habet
2128 1729 2174 1778 a
2240 1705 2597 1792 suctione,

514 1819 753 1914 major
791 1818 888 1890 sit
925 1841 1144 1913 quam
1177 1816 1288 1889 vis
1325 1840 1470 1913 qua
1503 1841 1695 1913 aqua
1727 1817 2073 1913 gravitat‚
2110 1818 2600 1891 necessarium

513 1943 651 2021 est,
675 1944 761 2004 ut
795 1954 921 2003 aer
956 1954 1222 2026 aquam
1253 1942 1650 2026 penetrans
1684 1943 1919 2020 exeat,
1948 1944 2025 2004 et
2058 1930 2408 2004 inlocum
2443 1935 2600 2027 ejus

516 2044 866 2118 ascendat
934 2067 1146 2139 aqua,
1217 2042 1452 2116 donec
1517 2043 1592 2114 vi
1671 2043 2026 2116 suctionis
2104 2043 2599 2133 decrescente,

514 2169 823 2233 conatus
891 2157 1081 2229 aeris
1143 2154 1240 2227 ad
1299 2154 1738 2244 exeundum,
1797 2168 1874 2228 et
1937 2180 2149 2253 aquae
2211 2157 2307 2230 ad
2367 2158 2604 2231 subsi-

517 2271 867 2359 dendum,
903 2271 1086 2341 fiant
1123 2267 1461 2364 aequaleS.

623 2383 722 2456 B.
778 2381 983 2454 Nihil
1053 2380 1525 2477 probabilius.
1656 2381 1796 2454 Dic
1855 2383 2035 2455 mihi
2097 2407 2317 2473 nunc,
2382 2409 2602 2482 quam

517 2518 813 2571 causam
907 2494 1131 2566 habet
1228 2493 1336 2566 vis
1430 2493 1558 2567 illa
1651 2492 2120 2589 admirabili8‚
2210 2521 2356 2593 qua
2435 2498 2604 2596 pilae

515 2608 904 2705 plumbeae,
954 2606 1071 2678 vel
1118 2606 1339 2678 etiam
1388 2607 1703 2703 sagittae,
1750 2609 2190 2684 emittuntur
2248 2635 2289 2685 e
2340 2613 2603 2686 fistulis

514 2720 657 2793 illis
707 2742 887 2815 quas
945 2717 1322 2814 appellant
1366 2718 1729 2816 sclopetos
1789 2735 2238 2809 ventaneos;
2294 2750 2605 2821 quorum

518 2832 873 2907 fabricam
921 2855 1137 2904 nemo
1202 2830 1357 2904 fere
1409 2835 1648 2907 nescit
1699 2859 1951 2908 eorum
2008 2838 2135 2934 qui
2188 2842 2607 2914 conversari

520 2946 761 3024 solent
800 2970 967 3018 cum
1004 2944 1480 3042 philosophis.

621 3061 717 3134 A.
777 3059 1158 3156 Sclopetus
1205 3072 1632 3150 ventaneuS,
1679 3072 1765 3134 ut
1817 3074 1893 3136 et
1950 3065 2289 3139 machina
2339 3079 2603 3156 vestra,

517 3173 703 3248 duos
743 3175 965 3248 habet
1014 3186 1306 3247 ventres
1351 3185 1427 3247 et
1476 3187 1864 3250 suctorem.
1969 3177 2319 3251 Machina
2362 3195 2608 3254 vestra

518 3288 849 3362 foramen
885 3288 1109 3361 habet
1144 3311 1313 3360 cum
1350 3287 1706 3361 clavicula
1750 3288 1824 3361 in
1861 3290 2229 3362 ventrium
2268 3295 2606 3366 commis·

521 3426 744 3484 sura;
802 3401 930 3474 sed
993 3401 1361 3496 sclopetus
1412 3400 1532 3472 hic
1587 3400 1664 3473 in
1717 3403 2195 3476 commissura
2238 3406 2606 3479 ventrium

516 3516 850 3590 foramen
902 3513 1129 3585 habet
1190 3537 1358 3585 cum
1412 3513 1725 3601 valvula,
1775 3539 1994 3611 quam
2048 3540 2173 3589 aer
2217 3541 2262 3589 a
2316 3529 2607 3590 suctore

519 3629 853 3701 incussus
890 3625 1107 3698 facile
1142 3627 1503 3721 aperiens,
1538 3629 1767 3700 intrat
1802 3628 1880 3700 in
1927 3640 2257 3703 ventrem
2305 3631 2606 3704 ulterio-

516 3765 698 3830 rem,
737 3753 813 3813 et
850 3764 985 3835 pro
1021 3739 1339 3812 maxima
1374 3740 1445 3812 vi
1497 3764 1643 3837 (133
1677 3741 2009 3815 incussus
2057 3743 2296 3816 fuerat
2331 3745 2607 3817 exitum

517 3866 813 3928 tentans
853 3853 1392 3942 circumcurrit,
1418 3852 1656 3927 donec
1692 3878 1832 3950 ope
1857 3855 2153 3951 lingulae
2181 3856 2351 3929 dato
2380 3859 2606 3947 exitu,

516 3991 650 4065 per
710 3966 989 4040 ventris
1056 3965 1425 4040 ulterioris
1494 3967 1804 4040 fundum
1866 3982 2223 4067 erumpat,
2273 3983 2483 4044 tauta
2535 3973 2608 4045 vi

520 4095 872 4176 quantam
922 4079 1133 4152 multi
1187 4091 1262 4153 et
1310 4079 1531 4153 validi
1580 4081 1768 4154 ictus
1824 4083 2138 4156 suctoris
2194 4084 2604 4158 conferunt.

518 4195 780 4291 Itaque
816 4194 1083 4267 mirum
1118 4216 1268 4266 non
1313 4205 1447 4281 est,
1502 4194 1562 4266 si
1621 4194 1847 4289 pilam
1903 4195 2135 4270 exitui
2193 4198 2608 4293 oppositam

517 4330 652 4403 per
687 4307 863 4380 satis
899 4306 1202 4403 longum
1242 4307 1559 4404 spatium
1595 4307 1860 4403 ejiciat.
