3094 5125
665 485 800 549 192
1091 496 1630 549 EXAMINATIO
1674 498 1773 549 ET
1812 495 2309 548 ΕΜΕΝΒΑΤΙΟ

281 691 582 735 nutocus
654 669 848 741 linea
883 666 1154 741 BEFC
1190 666 1630 740 describitur
1679 691 1723 739 a
1779 668 2095 739 termino
2133 666 2193 738 B
2246 665 2737 739 decrescentis

280 846 290 860 .
399 774 455 813 v.
555 846 566 860 .
657 784 722 855 A
746 783 832 855 B.
934 780 1212 853 Eodem
1248 793 1495 853 autem
1554 792 1883 876 tempore
1943 780 2221 851 moveri
2278 778 2737 874 intelligatur

651 895 844 968 latus
882 894 1023 968 Ac
1057 894 1151 967 ad
1185 895 1378 967 latus
1415 893 1478 966 A
1501 893 1610 963 Β*
1648 893 2157 977 uniformiter;
2210 905 2457 989 potest
2508 893 2735 988 igitur

649 1009 905 1081 haberi
964 1007 1103 1081 CD
1159 1030 1294 1103 pro
1351 1029 1696 1079 mensura
1753 1007 2149 1101 temporis;
2203 1019 2427 1078 rectae
2486 1019 2734 1079 autern

654 1122 794 1218 ipsi
825 1122 884 1193 C
903 1122 969 1194 D
1006 1119 1394 1217 parallelae,
1423 1120 1836 1192 terminatae
1871 1120 1962 1191 ab
2000 1142 2148 1191 una
2182 1131 2390 1214 parte
2427 1120 2502 1190 in
2538 1118 2734 1191 linea

655 1235 968 1323 BEFC,
1007 1235 1083 1307 in
1140 1234 1371 1306 altera
1422 1245 1634 1330 parte
1687 1234 1764 1305 in
1818 1243 2021 1305 recta
2055 1232 2223 1321 AC,
2253 1244 2469 1305 erunt
2529 1255 2733 1303 men-

655 1372 845 1420 surae
877 1347 1199 1443 partium
1235 1346 1588 1442 temporis
1615 1345 1691 1417 in
1728 1369 1872 1440 quo
1909 1344 2052 1416 AB
2089 1357 2422 1417 movetur
2443 1344 2536 1417 ad
2565 1344 2729 1433 CD,

653 1473 727 1533 et
757 1461 894 1533 AC
928 1459 1021 1533 ad
1059 1459 1275 1533 BD*.
1382 1460 1732 1533 Sumatur
1757 1461 1913 1553 jam
1939 1458 2016 1530 in
2051 1470 2258 1531 recta
2284 1459 2423 1532 CD
2459 1459 2554 1531 ad
2576 1459 2731 1554 pla-

653 1574 879 1646 citum
920 1586 1279 1670 punctum
1306 1574 1395 1662 Ο,
1434 1574 1749 1646 ducatur
1781 1573 1910 1646 OS
1946 1571 2293 1669 parallela
2338 1573 2550 1644 lateri
2589 1574 2730 1646 BD

653 1710 908 1759 secans
940 1687 1208 1759 lineam
1240 1686 1298 1758 B
1321 1686 1519 1758 EFC
1556 1686 1630 1758 in
1668 1687 1749 1774 E,
1787 1697 1859 1758 et
1893 1697 2171 1758 rectam
2213 1684 2348 1757 AB
2376 1686 2450 1757 in
2490 1686 2563 1758 S.
2635 1688 2731 1759 Et

653 1823 929 1886 rursm,
963 1813 1304 1896 apuncto
1341 1799 1435 1885 Q,
1459 1809 1752 1894 sumpto
1788 1800 1862 1870 in
1902 1799 2038 1871 CD
2073 1799 2482 1886 arbitrarie,
2510 1799 2730 1872 duca-

653 1927 779 1985 tur
809 1912 1046 1986 eidem
1082 1914 1294 1986 lateri
1327 1912 1458 1984 BD
1485 1912 1832 2008 parallela
1868 1912 2009 1985 QR
2043 1936 2297 1985 secans
2350 1912 2594 1985 BEFC
2653 1915 2730 1985 in

656 2027 736 2114 F,
774 2038 849 2099 et
883 2027 1014 2099 AB
1049 2027 1126 2099 iu
1163 2028 1248 2099 R.
1339 2026 1728 2099 Ducantur
1760 2026 1985 2098 etiam
2018 2026 2167 2114 EG,
2192 2026 2322 2097 FH
2363 2026 2728 2121 parallelae

654 2140 812 2228 CD,
840 2153 1174 2213 secantes
1197 2139 1428 2212 Acin
1453 2139 1522 2210 G
1559 2150 1635 2210 et
1672 2138 1771 2211 H.
1829 2139 2207 2210 Postremo
2242 2138 2437 2210 idem
2461 2163 2728 2234 suppo-

651 2264 871 2327 natur
904 2254 1064 2326 fieri
1098 2276 1232 2350 per
1265 2252 1509 2326 omnia
1534 2262 1811 2348 puncta
1841 2251 2054 2324 lineae
2093 2252 2360 2325 BEFC.
2476 2252 2728 2325 Habes

652 2366 1303 2439 constructionem.

748 2478 847 2550 B.
903 2478 1165 2551 Habeo
1199 2489 1276 2549 et
1301 2487 1539 2549 teneo.

753 2592 850 2664 Α.
903 2592 1090 2665 Dico
1116 2593 1270 2688 jam
1306 2614 1485 2682 esse,
1523 2602 1611 2664 ut
1644 2604 2127 2688 aggregatum
2163 2594 2489 2666 omnium
2531 2593 2729 2665 velo-

651 2704 982 2792 citatum,
1039 2705 1301 2800 quibus
1354 2705 1870 2778 describuntur
1925 2717 2147 2779 rectae
2201 2706 2353 2797 QF,
2381 2707 2532 2796 ΟΕ,
2568 2705 2725 2795 DB,

650 2828 1081 2913 caeteraeque
1108 2840 1361 2890 omnes
1381 2817 1636 2891 eadem
1661 2818 2009 2892 methodo
2029 2820 2325 2915 genitae,
2348 2820 2441 2893 ad
2467 2844 2729 2917 aggre-

648 2944 902 3028 gatum
927 2931 1293 3005 rationum
1320 2944 1733 3028 temporum
1758 2932 2307 3028 designatorum
2334 2958 2462 3029 per
2488 2944 2726 3006 rectas

654 3045 810 3134 HF,
832 3044 982 3134 GE,
1012 3046 1167 3133 ΑΒ,
1223 3058 1298 3118 et
1359 3057 1690 3135 caeteras,
1727 3047 1833 3119 ita
1889 3048 2193 3143 planum
2250 3047 2569 3120 DCFEB
2631 3047 2726 3119 ad

648 3158 947 3253 planum
982 3159 1318 3232 ABEFC.
1425 3159 1632 3233 Sicut
1674 3160 1870 3231 enim
1896 3159 2027 3231 AB
2069 3159 2559 3233 decrescendo
2595 3184 2727 3256 per

646 3270 917 3344 lineam
954 3259 1205 3344 BEFC
1229 3272 1306 3344 in
1327 3283 1660 3368 tempore
1691 3273 1843 3361 CD,
1870 3274 2238 3346 evanescit
2265 3273 2341 3345 in
2368 3285 2725 3370 punctum

651 3384 733 3472 C,
769 3385 875 3457 ita
909 3384 1113 3474 CD*‚
1162 3386 1300 3481 ipsi
1339 3386 1468 3457 AB
1506 3385 1833 3481 aequaliS,
1864 3385 2353 3458 decrescendo
2387 3410 2519 3482 per
2552 3409 2725 3458 ean-

648 3495 813 3570 dem
875 3497 1143 3571 lineam
1197 3499 1461 3588 CFEB,
1519 3499 1777 3572 eodem
1833 3510 2165 3593 tempore
2221 3500 2588 3572 evanescit
2647 3500 2723 3571 in

645 3621 1000 3705 punctum
1038 3610 1123 3700 B,
1162 3611 1533 3708 descripta
1569 3625 1772 3684 recta
1811 3611 1941 3683 DB
1978 3612 2243 3706 aequali
2279 3612 2430 3684 AC.
2535 3612 2724 3683 Sunt

646 3747 823 3819 ergo
882 3723 1332 3815 velocitateS‚
1394 3726 1657 3821 quibus
1713 3724 2230 3798 describuntur
2289 3726 2417 3799 Ac
2452 3737 2528 3798 et
2561 3725 2720 3815 DB,

644 3837 839 3909 inter
873 3860 952 3910 se
986 3839 1325 3933 aequales,
1381 3839 1684 3926 RursuS‚
1722 3838 2066 3934 quoniam
2101 3838 2359 3911 eodem
2390 3852 2722 3935 tempore

645 3973 792 4045 quo
827 3960 1184 4046 punctum
1242 3951 1309 4025 Ο
1338 3950 1689 4024 describit
1724 3959 2002 4023 rectam
2040 3951 2193 4040 OE,
2229 3952 2485 4024 eodem
2534 3964 2722 4024 tem-

642 4087 821 4157 pore
857 4076 1215 4160 punctum
1244 4066 1294 4138 S
1331 4063 1682 4137 describit
1737 4076 2015 4136 rectam
2073 4064 2211 4152 SE,
2249 4065 2391 4138 erit
2446 4064 2574 4136 OE
2626 4065 2722 4137 ad

645 4176 781 4265 SE,
821 4188 905 4249 ut
938 4177 1287 4251 velocitas
1315 4201 1460 4273 qua
1495 4176 1936 4250 describitur
1970 4177 2099 4249 OE
2133 4178 2225 4249 ad
2258 4178 2719 4250 velocitatem

642 4312 788 4384 qua
823 4291 1264 4366 describitur
1298 4291 1435 4365 SE.
1537 4291 1637 4363 Et
1677 4303 1979 4386 propter
2032 4290 2339 4363 eandem
2396 4316 2716 4378 causam,

1397 4479 1431 4515 ⁸*
1479 4477 1579 4539 Sic
1606 4478 1764 4537 Edit.
1801 4479 1973 4538 1668.
