3094 5125
645 460 785 523 214
1077 471 1615 523 EXAMINATIO
1655 470 1755 522 m·
1794 469 2289 521 EMENDA'rlo

267 666 567 707 nameus
644 642 796 714 sive
849 664 973 714 sex
1021 640 1672 736 quindecimarum,
1734 638 1913 711 dicti
1967 661 2180 711 arcus
2237 635 2472 709 BCD.
2577 635 2726 709 Sed

277 749 564 851 ,ζ
642 756 864 827 tertia
894 777 1065 850 pars
1100 778 1227 826 sex
1261 751 1888 849 quindecimamm
1927 763 2039 824 est
2077 748 2150 841 -ὲ
2175 805 2193 823 .
2294 750 2542 824 Quare
2577 748 2724 822 Ao

644 880 758 941 est
792 865 873 958 5}-
909 890 1122 941 arcus
1159 866 1396 954 BCD,
1433 866 1586 938 sive
1621 876 1843 937 rectae
1878 865 2017 936 ΑΕ
2054 864 2169 935 vel
2204 863 2362 936 DF.
2463 862 2725 956 Itaque

646 993 978 1053 centrum
1011 980 1395 1075 gravitatis
1439 978 1872 1051 semicirculi
1907 976 2261 1073 genitoris
2296 975 2586 1048 ABCD
2623 976 2728 1048 ita

647 1092 908 1166 dividit
941 1093 1228 1165 radium
1262 1093 1402 1165 AC
1453 1093 1530 1165 in
1580 1092 1669 1181 Ο,
1722 1104 1806 1165 ut
1858 1115 2029 1187 pars
2064 1092 2209 1164 AO
2261 1090 2357 1163 sit
2388 1086 2472 1179 3}
2510 1112 2724 1163 arcus

644 1207 882 1280 BCD.
987 1207 1209 1281 Quod
1242 1218 1398 1278 erat
1435 1204 2112 1277 demonstrandum.

751 1318 1027 1393 Coroll.
1108 1320 1353 1393 Ducta
1387 1319 1478 1391 ab
1506 1319 1572 1392 Ο
1611 1332 1816 1392 recta
1839 1319 1955 1391 Ον
1987 1316 2335 1413 parallela
2363 1315 2723 1388 diametro

648 1434 812 1521 BD,
842 1456 1098 1506 secans
1134 1445 1410 1505 rectam
1440 1432 1556 1503 Az
1589 1431 1666 1503 in
1690 1464 1748 1519 ν,
1777 1431 1915 1503 erit
1940 1442 2290 1526 punctum
2327 1462 2364 1499 v
2390 1441 2725 1502 centrum

644 1545 1030 1640 gravitatis
1065 1543 1494 1640 quadrantis
1530 1541 1767 1616 ABG.

1516 1831 1761 1882 ALITE
1771 1831 1846 1881 R.

746 1985 820 2058 Si
869 1986 999 2058 fiat
1044 1997 1128 2057 ut
1175 2009 1387 2058 arcus
1445 1984 1582 2056 BC
1654 1985 1748 2058 ad
1807 1984 1990 2057 duas
2045 1983 2302 2056 tertias
2361 1982 2726 2056 subtensae

645 2097 811 2186 BC,
864 2099 969 2171 ita
1008 2100 1126 2181 ΑΞ
1172 2098 1703 2171 semisubtensa
1758 2097 1853 2169 ad
1917 2106 2255 2193 quartam
2299 2096 2727 2170 sumendam

644 2210 736 2283 ab
765 2212 832 2283 A
867 2236 1119 2285 versus
1142 2212 1223 2301 C,
1254 2212 1395 2283 erit
1422 2210 1777 2283 terminus
1805 2211 1961 2304 ejus
1989 2222 2322 2283 centrum
2348 2210 2728 2309 gravitatis

645 2325 1104 2397 semicirculi.
1209 2325 1808 2396 Demonstratum
1845 2334 1958 2395 est
1994 2346 2040 2394 a
2074 2321 2193 2396 J0.
2225 2325 2319 2397 de
2352 2325 2429 2397 la
2454 2323 2726 2412 Faille,

642 2461 852 2533 prop.
890 2437 1146 2509 xxxvi.
1254 2436 1400 2509 Sed
1435 2448 1518 2508 ut
1552 2458 1762 2507 arcus
1801 2435 1935 2508 BC
1969 2435 2066 2507 ad
2111 2437 2532 2511 subtensam
2568 2437 2726 2525 BC,

644 2552 748 2624 ita
783 2550 1130 2624 subtensa
1178 2549 1314 2622 BC
1354 2549 1450 2623 ad
1485 2545 1572 2640 -ζ-
1605 2573 1818 2622 arcus
1855 2547 2020 2637 BC,
2058 2548 2133 2621 id
2186 2564 2319 2641 est,
2356 2552 2451 2625 ad
2502 2575 2728 2624 unam

647 2664 981 2758 quintam
1016 2663 1244 2735 totius
1279 2662 1517 2735 BCD.
1627 2662 1899 2748 Quare,
1935 2674 2018 2734 ut
2065 2688 2278 2737 arcus
2338 2665 2474 2737 BC
2512 2665 2607 2738 ad
2641 2662 2724 2756 -Ξ-

648 2777 1015 2850 subtensae
1052 2774 1211 2865 BC,
1248 2776 1352 2848 ita
1377 2777 1516 2865 Αξ,
1549 2775 1624 2847 id
1661 2789 1798 2861 est,
1835 2775 2385 2867 semisubtensa,
2416 2778 2512 2850 ad
2545 2778 2727 2851 duas

644 2890 901 2963 tertias
973 2889 1278 2961 duarum
1340 2889 1764 2985 quintarum
1821 2913 2032 2960 arcus
2082 2887 2241 2977 BC,
2295 2891 2372 2963 id
2434 2901 2569 2981 est,
2632 2891 2729 2965 ad

644 3028 867 3076 unam
945 3003 1236 3076 tertiam
1313 3002 1624 3075 duarum
1702 3003 2122 3097 quintarum
2202 3005 2427 3077 totius
2512 3028 2728 3078 arcus

645 3114 884 3204 BCD,
913 3117 990 3189 id
1024 3130 1161 3206 est,
1198 3117 1294 3190 ad
1335 3114 1396 3207 {-
1437 3139 1652 3189 arcus
1683 3114 1912 3188 BCD.
1982 3117 2205 3191 Quod
2240 3130 2399 3191 erat
2425 3118 2727 3191 demon-

644 3229 1050 3302 strandum.
1091 3266 1095 3271 ·

742 3341 837 3414 B.
894 3342 970 3415 Si
1005 3343 1136 3415 fiat
1176 3341 1676 3415 semicirculus
1711 3364 1955 3413 aeneus
2003 3355 2412 3430 accuratuS,
2461 3340 2586 3439 qui
2630 3342 2729 3414 sit

644 3454 972 3550 ejusdem
1025 3456 1296 3551 ubique
1351 3453 1878 3541 crassitudiniS,
1940 3454 2145 3550 isque
2199 3455 2276 3527 in
2334 3469 2613 3551 puncto
2660 3455 2727 3528 O

645 3568 848 3641 tenui
882 3568 1007 3640 filo
1045 3591 1434 3664 suspensus
1468 3578 1764 3639 maneat
1795 3567 2015 3661 plano
2051 3568 2455 3640 horizontis
2487 3568 2728 3664 paral-

645 3682 851 3769 leluS,
914 3682 1090 3778 quin
1139 3691 1342 3753 recta
1392 3680 1529 3753 DF
1580 3680 1878 3775 aequalis
1922 3682 2019 3752 sit
2053 3682 2257 3755 arcui
2291 3681 2728 3755 semicirculi

646 3795 1019 3892 genitoriS‚
1058 3793 1377 3867 dubitari
1411 3793 1721 3888 amplius
1756 3816 1906 3864 non
1942 3805 2209 3889 potest.

750 3909 848 3981 A.
900 3908 1059 3981 Etsi
1095 3907 1596 4003 experimenta
1630 3906 1806 3978 talia
1838 3907 1983 3979 vim
2028 3933 2178 3981 non
2228 3908 2550 3981 habeant
2601 3908 2728 3981 de·-

651 4021 1221 4107 monstrationi8‚
1265 4022 1477 4115 juvat
1511 4032 1760 4091 tamen
1797 4021 2039 4115 operis
2073 4045 2239 4093 cum
2277 4021 2729 4117 contempla-

654 4137 854 4208 tione
891 4134 1294 4207 consensio,
1378 4134 1638 4229 Itaque
1680 4132 2214 4206 semicirculum
2250 4158 2535 4207 aeneum
2567 4135 2729 4208 fieri

655 4249 927 4337 curavi,
965 4261 1040 4320 et
1076 4247 1417 4342 suspendi
1452 4248 1542 4318 ab
1592 4270 1679 4318 eo
1715 4259 2014 4341 punct0,
2052 4261 2127 4320 et
2162 4248 2729 4344 parallelismum

650 4361 1177 4435 horizontalem
1211 4359 1456 4433 inveni
1483 4359 2040 4433 exactissimum.
2148 4360 2296 4433 Sed
2335 4361 2676 4456 procede.
