3094 5125
276 677 451 718 mor.
481 679 565 718 11.

625 464 632 469 “
654 465 799 544 370
1116 485 1219 535 nn
1261 484 1872 537 MAGNITUDINE
1913 480 2279 537 officum.

653 652 847 724 enim
900 653 1218 748 aequales
1271 654 1419 726 sint
1469 653 1610 741 PC,
1650 653 1773 743 ld,
1826 653 2127 750 dempta
2177 653 2550 726 communi
2588 648 2749 740 Pd,

654 764 1039 838 restabunt
1073 764 1191 853 IP,
1228 764 1361 838 Cd
1387 766 1745 863 aequales:
1781 765 1978 839 unde
2013 766 2342 862 sequitur
2376 764 2439 838 G
2445 789 2531 863 g,
2571 764 2747 853 BQ,

654 902 819 975 quae
874 878 1049 974 ipsis
1103 878 1220 967 IP,
1270 879 1401 952 ed
1447 890 1621 953 sunt
1678 881 1995 976 aequales
2047 893 2360 975 utraque
2417 878 2745 974 utrique,

652 992 972 1090 aequales
1008 993 1230 1066 etiam
1265 1016 1424 1066 esse
1460 993 1656 1065 inter
1690 1017 1790 1066 se.

758 1106 1034 1181 Coroll.
1061 1108 1137 1180 ii.
1191 1107 1425 1180 Recta
1444 1108 1585 1182 ΟΩ
1606 1117 1717 1180 est
1751 1107 2050 1203 aequalis
2083 1116 2307 1180 rectae
2335 1105 2479 1202 Bg.
2551 1104 2745 1177 Duae

654 1220 849 1292 enim
884 1221 1039 1318 Gg,
1077 1222 1138 1294 B
1146 1246 1231 1319 g,
1267 1220 1695 1316 compositae
1729 1220 2012 1293 faciunt
2050 1231 2284 1294 totam
2321 1220 2481 1294 BG.

761 1332 1039 1406 Coroll.
1076 1334 1178 1407 iii.
1230 1335 1364 1407 ΕΚ
1399 1334 1516 1406 vel
1554 1334 1692 1406 Hk
1739 1333 2036 1430 aequalis
2070 1345 2183 1407 est
2219 1334 2376 1407 HS.
2479 1331 2566 1405 In
2601 1332 2744 1404 tri-

655 1446 925 1543 angulo
962 1447 1154 1519 enim
1191 1448 1614 1544 aequilatero
1644 1448 1872 1532 KVO,
1908 1448 2080 1543 quia
2113 1460 2319 1521 recta
2338 1444 2745 1544 VKUdupla

657 1572 768 1633 est
827 1573 1048 1633 rectae
1081 1561 1216 1635 ΕΚ
1250 1562 1367 1635 vel
1397 1561 1555 1649 Hk,
1619 1562 1840 1634 etiam
1891 1574 2098 1635 recta
2130 1562 2265 1636 VO
2314 1561 2539 1657 dupla
2594 1560 2743 1632 erit

657 1674 985 1771 ejusdem
1038 1676 1181 1748 ΕΚ
1237 1675 1354 1749 vel
1413 1675 1570 1749 Hk.
1673 1676 1807 1749 Est
1872 1686 2119 1749 autem
2189 1676 2447 1749 eadem
2514 1674 2743 1769 dupla

656 1799 879 1861 rectae
916 1789 1072 1877 HS,
1110 1789 1282 1885 quia
1317 1787 1421 1862 10
1467 1798 1578 1862 est
1634 1788 2071 1885 quadratum
2135 1791 2342 1885 cujus
2382 1788 2574 1861 latus
2625 1798 2742 1859 est

657 1902 936 1996 aequale
975 1902 1129 1975 HS.
1237 1902 1493 1999 Itaque
1520 1904 1784 1999 juncta
1811 1903 1945 1992 Sk,
1974 1914 2048 1976 et
2080 1902 2444 1998 producta
2477 1901 2573 1974 ad
2599 1901 2739 1973 DA

658 2017 735 2089 in
772 2015 823 2106 i,
860 2017 1158 2113 aequalis
1191 2017 1334 2090 erit
1370 2027 1590 2090 rectae
1626 2017 1760 2090 AO
1796 2017 1946 2090 sive
1981 2027 2204 2091 rectae
2241 2017 2381 2090 Ae.

1470 2240 1931 2293 SCHOLIUM.

759 2360 869 2432 Ex
903 2359 995 2431 iis
1032 2382 1194 2453 quae
1229 2359 1585 2431 hactenus
1619 2357 2121 2430 demonstrata
2153 2365 2349 2444 sunt,
2387 2354 2600 2427 facile
2626 2367 2741 2426 est

663 2471 891 2546 cuivis
918 2483 1141 2545 rectae
1166 2471 1357 2543 datae
1384 2471 1603 2544 aliam
1630 2481 1907 2544 rectam
1943 2469 2295 2565 invenire,
2318 2492 2483 2564 quae
2516 2467 2744 2540 habet

662 2585 760 2659 ad
825 2584 1025 2657 illam
1083 2583 1447 2656 rationem
1507 2582 2034 2656 semidiametri
2093 2582 2189 2656 ad
2256 2606 2510 2656 arcum
2562 2606 2744 2677 qua-

664 2697 944 2772 drantis
966 2695 1392 2785 circuli,an
1412 2695 1956 2769 semidiametro
1979 2696 2353 2793 descripti.
2406 2694 2743 2791 Exempli

663 2832 907 2898 causa,
931 2809 992 2880 si
1027 2808 1123 2882 sit
1157 2808 1332 2881 data
1356 2820 1563 2882 recta
1587 2808 1738 2898 Ru,
1769 2821 1845 2881 et
1871 2821 2247 2904 quaeratur
2279 2819 2484 2882 recta
2506 2831 2745 2904 aequa·

661 2923 751 2995 lis
811 2921 1016 2995 arcui
1084 2921 1510 3018 quadrantis
1571 2922 1919 3020 descripti
1984 2922 2530 2995 semidiametro
2589 2923 2745 3010 Ru,

664 3036 979 3109 ducatur
1010 3060 1056 3109 a
1090 3047 1344 3110 centro
1373 3036 1630 3109 circuli
1657 3037 1724 3109 A
1758 3046 1963 3109 recta
1998 3037 2149 3122 An,
2184 3048 2260 3108 et
2291 3035 2751 3132 producatur

664 3149 759 3222 ad
809 3148 955 3221 ΒΜ
998 3151 1074 3223 in
1128 3151 1214 3240 Ε,
1263 3150 1402 3224 erit
1448 3152 1572 3224 BE
1618 3150 1918 3246 aequalis
1968 3151 2172 3223 arcui
2223 3150 2591 3247 descripto
2651 3150 2747 3222 ab

666 3263 813 3336 Rn.
933 3262 1281 3336 Similiter
1349 3264 1409 3335 si
1483 3276 1860 3358 quaeratur
1925 3273 2130 3335 recta
2195 3263 2392 3336 linea
2449 3261 2750 3358 aequalis

666 3376 871 3449 arcui
926 3376 1353 3472 quadrantis
1408 3376 1760 3472 descripti
1821 3401 1867 3449 a
1923 3376 2192 3449 lineola
2243 3377 2379 3465 nV,
2434 3377 2751 3449 ducatur

665 3490 802 3561 AV
835 3500 910 3562 et
942 3489 1395 3585 producatur
1428 3489 1523 3562 ad
1561 3491 1708 3563 ΒΜ
1744 3489 1820 3562 in
1857 3514 1943 3578 w,
1981 3490 2261 3585 eritque
2297 3490 2436 3563 Ew
2466 3489 2583 3563 vel
2622 3489 2751 3562 EL

667 3602 967 3699 aequalis
1001 3602 1205 3675 arcui
1238 3602 1663 3698 quadrantis
1709 3603 2058 3698 descripti
2095 3604 2186 3675 ab
2222 3604 2361 3676 nV.
2464 3605 2653 3676 Item
2688 3605 2752 3677 si

669 3717 843 3790 data
888 3727 1091 3789 recta
1142 3715 1469 3811 qualibet
1521 3717 1597 3788 in
1650 3727 1854 3790 recta
1902 3717 2074 3804 ΒΜ,
2110 3729 2486 3814 quaeratur
2535 3741 2752 3789 arcus

670 3829 925 3905 circuli
959 3829 1098 3925 ipsi
1125 3828 1448 3924 aequaliS‚
1478 3830 1891 3903 invenietur
1924 3830 2066 3904 hoc
2100 3831 2347 3904 modo.
2427 3831 2542 3903 Sit
2575 3829 2754 3904 data

669 3956 873 4017 recta
906 3943 1034 4016 AE
1067 3974 1085 4024 ;
1137 3954 1467 4015 sumatur
1502 3944 1579 4014 in
1608 3942 1755 4015 ΒΜ
1790 3956 1993 4016 recta
2029 3943 2140 4015 Ba
2167 3944 2467 4040 aequalis
2502 3944 2653 4031 ΑΕ,
2676 3954 2756 4016 et

669 4058 761 4130 ab
797 4092 834 4129 a
873 4056 1305 4130 demittatur
1340 4054 2041 4151 perpendiculariter
2093 4069 2297 4131 recta
2331 4060 2446 4146 αξ,
2494 4077 2753 4132 secans

669 4171 824 4243 AM
859 4172 937 4244 in
971 4174 1035 4257 ζ,
1072 4184 1148 4245 et
1182 4196 1226 4245 a
1260 4179 1535 4267 puncto
1572 4172 1614 4240 ἕ
1649 4169 1962 4243 ducatur
1996 4171 2119 4246 CO
2161 4170 2508 4267 parellela
2538 4169 2753 4243 lateri

674 4283 821 4370 BC,
869 4287 1010 4358 erit
1042 4309 1255 4359 arcus
1291 4283 1718 4380 quadrantis
1754 4284 2103 4382 descripti
2137 4286 2229 4360 ab
2268 4285 2415 4361 ΑΩ
2454 4282 2756 4380 aequalis

671 4409 895 4470 rectae
933 4399 1057 4473 QG
1088 4400 1238 4473 sive
1271 4399 1425 4473 ΑΕ.
