3094 5125
1120 519 1226 569 DE
1268 518 1609 571 NATURA
1647 517 1920 570 Aluus.
2407 503 2544 569 281

468 693 716 755 autem
751 681 872 755 ille
913 682 1143 777 (quod
1192 685 1462 758 attinet
1508 684 1605 759 ad
1632 685 1868 758 maria
1895 682 2307 779 congelata)
2340 682 2555 757 facile

471 796 884 893 concipitur
931 820 1088 870 esse
1125 810 1366 872 motus
1402 799 1592 872 aeris
1636 802 2055 886 vehemenS,
2091 820 2445 870 oceanum
2481 808 2557 870 et

470 922 742 981 terram
767 909 1239 1007 undiquaque
1267 912 1593 986 radentis
1618 937 1752 1009 per
1778 911 2091 985 circulos
2113 910 2557 983 meridianos

473 1021 548 1094 iu
584 1022 770 1119 polis
810 1024 1165 1119 oppositis
1201 1037 1749 1099 concurrentes.
1852 1025 2050 1098 Talis
2079 1023 2275 1096 enim
2311 1036 2554 1098 motus

471 1135 659 1208 aeris
693 1160 906 1231 aquae
941 1138 1339 1234 particulas
1378 1162 1698 1213 summas
1734 1138 2179 1236 protrudens
2225 1137 2558 1234 compin-

471 1250 606 1345 git,
643 1248 720 1322 id
750 1262 883 1339 est,
920 1263 1156 1324 totam
1202 1250 1381 1325 facit
1424 1252 1840 1326 duriorem:
1895 1250 2254 1346 simulque
2299 1274 2559 1323 unam-

473 1386 835 1459 quamque
869 1365 1307 1459 particulam
1334 1390 1380 1439 a
1413 1378 1672 1440 centro
1709 1378 1928 1439 terrae
1963 1364 2197 1461 magis
2232 1375 2561 1437 removet

475 1499 694 1571 quam
756 1489 1035 1572 quanta
1088 1491 1201 1551 est
1250 1488 1469 1552 terrae
1537 1479 2101 1553 semidiameter.
2239 1477 2560 1550 Necesse

475 1612 651 1686 ergo
703 1600 816 1663 est
851 1591 981 1664 tali
1035 1603 1240 1664 motu
1293 1593 1482 1666 aeris
1536 1593 1934 1691 particulas
1971 1615 2185 1690 aquae
2236 1614 2559 1665 summas

473 1704 1004 1800 aliquantulum
1040 1705 1423 1778 sustineri:
1479 1706 1676 1780 unde
1734 1718 1897 1779 tota
1941 1729 2136 1801 aqua
2176 1715 2564 1802 compacta

474 1819 625 1892 sive
660 1818 1046 1914 congelata
1079 1818 1413 1892 redditur
1439 1820 1692 1893 levior.
1796 1820 2091 1893 Interea
2123 1841 2296 1891 vero
2333 1817 2562 1890 atomi

475 1931 618 2004 illae
654 1943 916 2004 terreae
952 1941 1158 2004 motu
1207 1955 1341 2004 suo
1376 1931 1715 2005 circulari
1767 1930 2095 2027 simplice
2141 1940 2563 2027 compactas

476 2068 686 2140 aquae
752 2044 1153 2140 particulas
1215 2069 1469 2118 omnes
1530 2044 1749 2117 simul
1806 2043 2260 2128 concutiunt,
2322 2042 2426 2115 ita
2476 2054 2565 2116 ut

476 2157 680 2231 nulla
713 2159 869 2254 ejus
903 2181 1072 2252 pars
1111 2156 1388 2229 moveri
1439 2156 1674 2252 possit
1729 2155 1887 2229 sine
1948 2155 2269 2251 reliquis,
2304 2153 2382 2226 id
2428 2165 2564 2242 est,

475 2295 742 2367 aquam
812 2281 1044 2344 totam
1109 2270 1367 2343 duram
1424 2268 1730 2342 faciunt.
1849 2267 2201 2340 Similiter
2254 2268 2331 2340 in
2395 2292 2566 2340 vase

474 2383 743 2457 accidit
776 2384 944 2456 nive
980 2395 1052 2456 et
1088 2383 1238 2456 sale
1275 2382 1756 2456 circumdato,
1861 2382 2054 2454 Nam
2112 2381 2564 2478 liquescente

474 2497 666 2586 nive,
706 2497 830 2593 qui
867 2497 942 2570 in
996 2497 1160 2570 nive
1198 2508 1306 2570 est
1340 2506 1487 2586 aer,
1517 2495 1789 2584 exienS,
1838 2495 2297 2592 superficiem
2348 2495 2567 2569 undi-

477 2634 765 2706 quaque
793 2611 988 2684 radit
1022 2612 1214 2684 vasis
1242 2635 1508 2707 aquam
1537 2608 2008 2697 continentiS,
2036 2622 2111 2681 et
2140 2609 2450 2681 eundem
2488 2609 2567 2683 in

477 2747 670 2818 aqua
694 2724 1035 2818 producit
1060 2724 1398 2797 effectum
1424 2747 1643 2818 quem
1677 2721 1898 2795 modo
1935 2720 2452 2818 descripsimus
2487 2723 2568 2798 iu

479 2835 984 2931 congelatione
1046 2838 1383 2926 marium,
1438 2860 1724 2933 nempe,
1781 2835 2126 2908 leviorem
2176 2861 2442 2932 aquam
2493 2848 2570 2911 et

481 2950 852 3023 duriorem
885 2949 1085 3023 facit.
1191 2950 1719 3048 Diaphaneitas
1754 2961 2000 3021 autem
2054 2949 2258 3040 (nam
2302 2960 2379 3022 et
2422 2950 2568 3023 hoc

479 3074 742 3137 notatu
776 3063 1082 3160 dignum
1116 3067 1256 3155 est)
1282 3062 1813 3158 aliquantulum
1848 3063 2227 3151 minuitur,
2264 3075 2573 3160 propter

478 3178 666 3251 aeris
717 3201 886 3250 cum
946 3200 1139 3272 aqua
1196 3199 1481 3248 summa
1536 3176 1975 3249 mistionem.
2101 3176 2569 3272 Diaphanum

479 3293 679 3365 enim
758 3314 975 3364 omne
1056 3312 1189 3385 per
1270 3288 1591 3385 partium
1670 3289 2112 3384 positionem
2191 3290 2569 3363 turbatam

479 3404 809 3478 albescit.

578 3518 676 3592 B.
731 3516 1197 3615 Diaphanum
1225 3528 1471 3590 autem
1508 3540 1554 3589 a
1586 3517 1883 3589 turbato
1912 3516 2055 3589 situ
2083 3516 2404 3612 partium
2440 3540 2573 3589 cur

483 3631 832 3704 albescit?
939 3631 1108 3704 Scio
1165 3630 1461 3726 quidem
1498 3630 1792 3718 vitrum,
1829 3628 1904 3701 in
1952 3640 2199 3726 partes
2252 3629 2572 3702 minutas

484 3745 906 3833 contritum,
930 3768 1079 3817 non
1107 3743 1418 3842 amplius
1448 3743 1895 3839 diaphanum
1922 3767 2104 3831 esse,
2128 3742 2258 3816 sed
2278 3743 2525 3815 album
2550 3775 2571 3830 ;

486 3871 559 3931 et
609 3881 698 3929 ex
752 3880 964 3952 aquae
1025 3857 1403 3955 particulis
1459 3856 1824 3930 conflictis
1879 3855 2152 3928 factam
2212 3879 2572 3952 spumam,

485 3969 726 4042 albam
762 3994 967 4054 esse;
1022 3984 1099 4043 et
1146 3971 1378 4045 multa
1420 3970 1704 4044 similia.
1810 3970 2173 4042 Praeterea
2208 3969 2576 4065 diaphana

486 4083 731 4155 omnia
766 4083 994 4179 polita
1028 4107 1184 4156 esse
1232 4084 1406 4173 scic,
1444 4097 1520 4157 et
1568 4084 2026 4178 homogenea
2056 4112 2074 4164 ;
2130 4095 2207 4155 et
2238 4082 2573 4177 proinde,

484 4211 661 4292 apta
693 4220 849 4269 esse
885 4196 980 4269 ad
1015 4197 1258 4271 radios
1292 4198 1477 4271 lucis
1524 4198 1632 4270 ita
1675 4195 2184 4284 reflectendos,
2220 4206 2303 4268 ut
2347 4194 2575 4269 lucidi

485 4321 732 4406 partes
778 4333 910 4382 suo
963 4310 1225 4383 ordine
1268 4311 1476 4407 quasi
1526 4310 1950 4406 pingantur,
2003 4308 2422 4403 faciantque
2462 4319 2578 4382 to-

484 4423 628 4496 tius
663 4422 978 4519 speciem
1015 4422 1483 4507 distinctam3
1546 4422 1676 4496 sed
1712 4421 1973 4517 ignoro
2010 4444 2329 4495 causam.
