3094 5125
603 482 741 550 158
1020 498 1556 550 ΕΧΑΜῙΝΑΤΙΟ
1601 499 1698 550 ΕΤ
1737 499 1852 550 EM
1868 499 2228 552 aNnArlo

221 687 519 729 mat-000⁹
592 664 953 740 Euclides.
1044 666 1244 741 Quid
1277 666 1473 739 enim
1510 667 1696 740 ratio
1731 665 1931 739 aliud
1964 676 2098 754 est,
2127 688 2344 761 quam
2378 665 2665 761 magni-

225 770 508 872 ,ΞΣ-μ
591 779 772 853 tudo
839 779 1056 853 unius
1118 779 1568 876 quantitatis»,
1625 791 1986 877 quatenus
2046 778 2141 852 ad
2193 778 2405 853 aliam
2463 803 2663 852 com·

588 893 939 988 paratur?

688 1003 782 1079 B.
839 1005 1065 1078 Nihil.

687 1116 781 1190 A.
837 1119 983 1192 Sed
1008 1117 1174 1193 vide
1197 1119 1508 1193 Wallisii
1543 1142 1762 1215 super
1795 1119 1953 1191 haec
1981 1118 2390 1194 scholiastae
2417 1121 2660 1209 verba,

588 1231 848 1304 Latine
907 1232 998 1305 ab
1057 1233 1215 1328 ipso
1267 1255 1500 1322 versa,
1562 1230 2064 1306 subtilitatem.
2194 1233 2438 1306 Verba
2493 1245 2663 1309 sunt

587 1343 788 1417 haec:
843 1354 958 1417 est
990 1355 1234 1419 autem
1265 1345 1444 1436 alia,
1475 1371 1633 1443 quoe
1658 1344 1936 1418 dieitur
1971 1344 2245 1419 relatio
2271 1348 2665 1422 seeundum

585 1485 960 1534 excessum
996 1472 1070 1536 et
1106 1462 1495 1561 defectum.

682 1575 780 1647 B.
839 1575 1087 1649 Quid?
1189 1576 1451 1649 Aliane
1486 1576 1702 1664 rati0,
1739 1599 1833 1647 an
1879 1574 2023 1648 alia
2057 1575 2367 1650 relatio?

681 1687 775 1760 Α.
828 1702 976 1772 ἄλλη
1022 1703 1235 1780 σχέσις,
1280 1690 1360 1762 1d
1392 1702 1531 1779 est,
1568 1688 1728 1761 alia
1762 1687 2135 1762 habitudo.

682 1798 778 1873 B.
833 1802 982 1874 Cur
1016 1825 1192 1897 ergo
1241 1826 1390 1875 non
1444 1801 1670 1876 vertit
1712 1825 1844 1897 per
1894 1800 2051 1874 alia
2098 1800 2476 1893 habitudo,
2537 1801 2666 1876 sed

583 1938 719 2011 per
752 1914 915 1988 alia
949 1913 1223 1988 relatio
1249 1919 1292 1989 ἓ

689 2028 788 2102 Α.
845 2028 1041 2103 Quia
1093 2030 1309 2118 ratio,
1358 2053 1521 2125 quae
1573 2029 1692 2101 hic
1740 2028 2097 2117 innuitur,
2125 2051 2213 2100 ea
2267 2038 2381 2101 est
2443 2052 2660 2124 quam

584 2143 807 2239 vulgo
843 2152 1112 2216 vocant
1147 2143 1506 2215 rationem
1564 2140 2125 2230 arithmeticam,
2154 2163 2376 2236 quam
2410 2141 2658 2214 Walli-

588 2256 735 2328 sius
781 2267 1006 2351 negat
1066 2279 1226 2328 esse
1280 2255 1662 2327 rationem.
1767 2253 2024 2349 Itaque
2086 2253 2305 2326 homo
2352 2255 2658 2344 subtilis,

587 2369 970 2442 sententiae
1005 2391 1157 2440 suae
1195 2367 1717 2441 convenienter
1769 2366 2012 2439 locum
2045 2378 2364 2456 vertenS,
2403 2368 2661 2441 maluit

583 2481 1011 2555 relationem
1049 2479 1292 2554 dicere
1327 2504 1546 2578 quam
1582 2477 2104 2571 habitudinem,
2152 2504 2317 2577 quae
2351 2505 2495 2554 vox
2547 2493 2660 2554 est

588 2597 665 2669 in
704 2594 1140 2669 definitione
1159 2595 1489 2668 rationis,
1559 2593 1843 2668 Deinde
1864 2594 2083 2691 paulo
2114 2594 2326 2682 infra,
2348 2595 2659 2691 praeviso

584 2709 784 2805 quod
838 2731 990 2781 non
1044 2709 1291 2804 inepte
1348 2732 1676 2804 quaerere
1730 2706 1893 2803 quis
1927 2719 2197 2804 posset,
2234 2732 2334 2780 an
2369 2708 2551 2781 insit
2586 2708 2662 2780 in

583 2821 876 2893 ratione
907 2820 1247 2917 qualitas
1281 2822 1541 2920 aliqua
1566 2850 1595 2906 ,·
1645 2821 2068 2917 respondet,
2104 2829 2184 2894 ut
2219 2823 2657 2920 figurarum

583 2932 1014 3030 magnitudo
1047 2933 1156 3006 ad
1189 2935 1679 3031 quantitatem
1729 2942 2054 3030 spectat,
2083 2934 2194 3006 ita
2224 2936 2658 3032 figurarum

580 3047 871 3143 speeies
928 3056 1228 3144 spectat
1289 3047 1397 3120 ad
1449 3046 1910 3143 qualitatem.
2029 3047 2258 3122 Quasi
2315 3046 2513 3119 aliud
2581 3047 2658 3119 in

582 3159 835 3255 figuris
865 3172 1376 3255 compararent
1409 3170 1807 3255 geometrae
1841 3170 2112 3256 praeter
2157 3160 2604 3255 quantitates
2635 3192 2654 3245 ;

581 3283 711 3345 aut
744 3283 937 3344 esset
971 3271 1217 3367 aliqua
1249 3272 1435 3345 ratio
1465 3271 2053 3368 magnitudinum
2076 3295 2240 3367 quae
2262 3283 2456 3345 esset
2484 3296 2657 3368 qua-

584 3384 773 3457 litas.
879 3384 1036 3457 111ae
1081 3385 1259 3480 ipsae
1294 3385 1482 3458 ratio
1537 3397 1614 3458 et
1669 3384 2071 3476 inclinatio,
2108 3396 2413 3481 propter
2470 3409 2649 3481 quas

580 3498 895 3593 figuram
933 3496 1401 3592 qualitatibus
1429 3496 1797 3570 accenseri
1832 3509 2171 3592 poscunt,
2217 3498 2451 3570 ambae
2484 3508 2653 3571 sunt

583 3609 1058 3705 quantitateS,
1083 3632 1222 3681 nec
1254 3621 1342 3681 ut
1373 3608 1655 3706 quale-3,
1691 3609 1819 3683 sed
1852 3620 1938 3683 ut
1985 3619 2274 3706 quantoe
2325 3610 2656 3683 conside-

582 3733 843 3796 rantur
877 3745 923 3795 a
954 3722 1511 3796 mathematicis,
1569 3722 1789 3797 Quod
1815 3722 2277 3819 Meybomius
2311 3733 2655 3820 quantum

580 3860 625 3909 a
657 3843 874 3934 quoto
908 3858 1058 3907 non
1088 3833 1516 3931 distinguat,
1554 3836 1644 3909 ab
1679 3835 2008 3909 Wallisio
2034 3847 2234 3909 recte
2262 3837 2657 3933 reprehen-

582 3948 803 4023 ditur.
938 3947 1247 4036 Deinde,
1319 3947 1514 4044 quod
1592 3948 2092 4045 Meybomium
2159 3951 2652 4045 reprehendit,

581 4062 755 4156 quia
787 4062 863 4134 in
924 4061 1102 4134 locis
1138 4061 1419 4157 aliquot
1471 4073 1829 4151 veterum,
1859 4061 1989 4135 ubi
2045 4063 2460 4137 emendatio
2525 4064 2653 4139 de-

578 4174 800 4249 bebat
831 4175 991 4248 fieri
1035 4198 1168 4271 per
1192 4185 1545 4257 διπλασίονα,
1578 4174 1924 4248 emendat
1974 4198 2107 4272 per
2132 4186 2450 4265 διπλάσιον,
2502 4201 2652 4249 me-

578 4288 725 4362 rito
760 4289 957 4363 fecit.
1063 4288 1209 4361 Sed
1262 4289 1460 4384 quod
1505 4287 1969 4384 Meybomius
2002 4286 2199 4361 idem
2233 4289 2644 4386 significare

580 4413 963 4475 censuerat
991 4413 1292 4474 διπλασίων
1327 4413 1402 4476 et
1435 4412 1744 4494 διπλάσιος,
1772 4413 1974 4476 recte
2000 4402 2289 4475 censuit
2325 4434 2344 4488 ;
2398 4401 2651 4476 Walli-
