3094 5125
681 499 814 566 194
1095 514 1635 569 ΕΧΑΜΙΝΑΤῐο
1677 516 1778 567 ΕΤ
1816 516 2314 568 EMENDA‘rto

296 706 596 747 mancus
672 680 1434 777 parallelogrammum
1469 706 1621 756 suae
1654 682 2023 779 parabolae
2055 681 2639 779 sesquialterum,
2666 691 2756 753 ut

424 788 480 828 V.

675 806 753 867 et
788 793 1162 889 cylindrus
1197 795 1311 867 sui
1347 795 1677 869 concidis
1711 796 2112 893 parabolici
2151 796 2478 893 duplum.
2567 795 2756 867 Cum

673 908 852 981 item
918 906 1113 980 basis
1180 909 1671 1003 paraboloidis
1741 909 1983 982 cubici
2053 910 2204 982 sive
2270 906 2758 1005 parabolastri

673 1020 912 1116 primi,
976 1019 1353 1094 decrescat
1405 1020 1484 1094 in
1543 1023 1830 1095 ratione
1885 1034 2304 1117 temporum
2357 1020 2755 1116 triplicata,

675 1135 815 1208 erit
847 1133 1611 1230 parallelogrammum
1648 1136 1762 1209 sui
1795 1135 2282 1232 parabolastri
2334 1134 2556 1232 primi
2612 1156 2760 1205 ses-

676 1246 1104 1343 quitertium
1134 1278 1153 1331 ;
1209 1258 1285 1319 et
1319 1247 1691 1343 cylindrus
1725 1247 1838 1320 sui
1872 1248 2041 1321 coni
2095 1247 2399 1344 triplum
2431 1277 2451 1331 ;
2505 1256 2583 1318 et
2624 1268 2758 1342 pa-

675 1359 1280 1457 rallelopipedum
1315 1361 1428 1434 sui
1463 1360 1864 1457 pyramidis
1923 1361 2250 1457 triplum.
2352 1361 2451 1434 Et
2500 1360 2606 1431 sic
2664 1359 2758 1430 de

677 1473 962 1548 caeteris
989 1473 1267 1569 figuris,
1301 1483 1521 1570 prout
1545 1473 1924 1570 postulant
1958 1476 2281 1548 rationes
2327 1474 2542 1569 juxta
2575 1496 2757 1568 quas

729 1597 1144 1659 enerantur.

675 1611 727 1683 g
782 1693 1036 1783 Itaque
1104 1687 1488 1759 theorema
1554 1688 1698 1760 hoc
1770 1686 2205 1777 universale,
2277 1709 2592 1782 nempe:
2680 1687 2760 1758 in

678 1800 871 1874 omni
878 1801 1155 1898 figura
1185 1810 1552 1897 generata
1566 1825 1718 1898 per
1748 1811 2011 1874 motum
2037 1801 2299 1898 quanti
2330 1800 2762 1873 decrescen-

679 1914 784 1988 tis
811 1913 1034 1987 donee
1058 1923 1446 1986 evanescat
1478 1913 1558 1986 in
1582 1922 1964 2012 punctum,
1999 1913 2393 1988 seeundum
2445 1912 2763 2009 quamli-

680 2025 801 2099 bet
834 2026 1191 2099 rationem
1225 2036 1673 2100 constantem
1707 2024 1803 2099 ab
1837 2026 2050 2099 initio
2106 2036 2340 2099 motus
2365 2025 2476 2098 ad
2497 2026 2760 2119 finem,

680 2139 1041 2213 rationem
1047 2141 1341 2238 fignroe
1364 2138 1628 2236 faetae
1661 2140 1772 2214 ad
1819 2139 2413 2238 complementum
2466 2141 2651 2235 ejus,
2681 2139 2770 2213 id

680 2263 815 2342 est,
851 2253 961 2326 ad
989 2251 1076 2325 id
1096 2276 1231 2349 quo
1240 2254 1517 2352 figura
1540 2250 1786 2348 facta
1811 2261 2220 2350 superatur
2253 2251 2348 2325 ab
2384 2277 2477 2326 ea
2485 2254 2764 2352 figura

682 2391 842 2463 quoe
880 2364 1125 2462 facta
1175 2374 1393 2451 esset,
1426 2366 1498 2437 si
1543 2375 1881 2461 quantum
1934 2390 2311 2465 generans
2368 2367 2765 2439 mansisset

683 2479 1076 2577 integrum,
1113 2502 1271 2549 eam
1325 2501 1486 2550 esse
1536 2501 1747 2575 qnam
1799 2478 2021 2552 habet
2079 2480 2281 2552 ratio
2333 2479 2609 2577 reliqui
2658 2479 2770 2552 ad

682 2590 1047 2689 reliquum
1081 2591 1191 2663 ad
1220 2591 1582 2664 rationem
1617 2591 1859 2666 ablati
1889 2594 2000 2667 ad
2035 2593 2363 2667 ablatum
2386 2621 2417 2676 ,·
2449 2593 2765 2689 ideoque

682 2704 812 2776 ubi
845 2704 1207 2800 reliquum
1242 2704 1337 2777 ad
1372 2704 1737 2801 reliquum
1763 2718 1877 2778 est
1911 2707 1989 2778 in
2045 2707 2333 2780 ratione
2388 2705 2615 2780 ablati
2666 2704 2764 2779 ad

684 2818 1011 2891 ablatum
1059 2816 1430 2914 duplicata
1481 2818 1599 2891 vel
1658 2818 2031 2915 triplicata
2084 2831 2255 2908 etc„
2292 2818 2396 2892 ibi
2448 2820 2765 2914 figuram

682 2929 952 3004 factam
1015 2931 1109 3004 ad
1169 2932 1788 3029 complementum
1848 2956 2005 3006 esse
2073 2933 2398 3030 duplum,
2434 2933 2763 3030 triplum,

685 3055 852 3133 etc.,
917 3045 1320 3141 respective
1360 3073 1378 3117 ε
1470 3045 1871 3134 theorema,
1942 3044 2268 3141 inquam,
2336 3046 2477 3119 hoc
2537 3046 2768 3119 habet

687 3156 1194 3231 claritudinem
1230 3181 1364 3254 per
1398 3181 1475 3230 se
1530 3168 1821 3230 tantam
1873 3156 2053 3243 fere,
2089 3169 2175 3232 ut
2231 3158 2458 3255 possit
2509 3158 2766 3231 haberi

682 3294 821 3366 pro
856 3263 1248 3361 axiomate,
1284 3282 1507 3366 atque
1542 3271 1639 3343 ob
1674 3271 1865 3343 hanc
1898 3269 2213 3344 fortasse
2247 3295 2541 3345 causam
2574 3271 2768 3345 veri-

686 3393 915 3456 tatem
942 3407 988 3456 a
1005 3396 1122 3457 tot
1141 3385 1534 3481 geometris
1561 3384 1889 3480 agnitam
1914 3383 2212 3474 fuisse*,
2236 3385 2375 3459 etsi
2400 3408 2446 3457 a
2470 3384 2765 3458 nemine

685 3496 1040 3570 hactenus
1075 3497 1669 3571 demonstratam.

790 3608 887 3681 Α.
943 3609 1202 3705 Itaque
1260 3608 1649 3698 Wallisius,
1710 3612 1837 3707 qui
1889 3611 1994 3684 nil
2046 3624 2199 3685 tam
2257 3612 2549 3685 difficile
2607 3636 2766 3686 esse

687 3724 1085 3797 arbitratus
1119 3736 1230 3799 est
1255 3725 1437 3823 quin
1470 3749 1606 3821 per
1630 3736 1865 3798 artem
1892 3725 2332 3823 analyticam
2352 3725 2667 3798 inveniri
2689 3736 2767 3799 et

687 3837 872 3910 solvi
904 3850 1174 3934 posset,
1210 3849 1591 3934 artemque
1625 3837 2065 3933 analyticam
2113 3840 2296 3912 nihil
2350 3838 2549 3912 aliud
2603 3862 2765 3912 esse

689 3975 910 4047 quam
943 3952 1468 4026 vocabulorum
1503 3964 1582 4025 et
1628 3951 1981 4025 orationis
2015 3953 2178 4025 loco
2223 3952 2417 4024 notis
2464 3950 2765 4047 quibus-

691 4063 863 4137 dam
883 4065 1119 4155 novis,
1142 4090 1305 4162 quae
1331 4075 1601 4138 vocant
1626 4064 1981 4161 symbola,
2009 4064 2588 4138 ratiocinationis
2611 4087 2764 4137 suae

687 4179 996 4275 vestigia
1011 4178 1808 4275 pingere,theoremata
1834 4178 1995 4251 haec
2015 4177 2304 4275 aliaque
2326 4176 2761 4267 difficiliora,

687 4315 850 4387 quae
886 4305 969 4365 ut
1005 4305 1208 4365 certa
1233 4289 1666 4387 jamdudum
1729 4291 2455 4381 circumferebantur,
2492 4314 2683 4364 nova
2716 4315 2764 4364 a

1433 4486 1469 4523 ⁸
1517 4480 1616 4541 Sic
1643 4481 1799 4538 Edit.
1840 4482 2007 4538 1668.
