3094 5125
871 480 1497 535 munaum-Ioza
1540 479 2027 532 nonmnNAE.
2370 467 2508 533 159

437 652 589 726 sius
623 650 972 724 autemid
1007 651 1371 747 negandO,
1407 649 1827 747 imperitum
1863 672 1942 721 se
1994 645 2319 721 ostendit
2370 648 2504 721 lin·
2576 674 2877 718 numana

435 789 607 861 guae
641 764 937 851 Graeeae,
963 765 1187 838 etiam
1222 766 1286 860 ej
1295 789 1379 838 us
1415 788 1561 861 qua
1611 773 1921 837 utuntur
1972 772 2392 857 geometrae,
2428 773 2513 835 ut
2602 757 2880 860 -E-ae

440 880 520 952 in
554 878 795 953 verbis
844 880 935 953 ab
981 879 1142 975 ipso
1188 878 1512 952 recitatis
1559 876 2026 950 manifestum
2075 886 2207 964 est,
2241 892 2306 946 οὺ
2357 891 2515 962 λέγει

445 995 528 1050 hri
561 990 654 1051 δύο
694 994 858 1066 λόγοι
890 1000 984 1051 τοῦ
1026 991 1148 1059 ἑνὸς
1196 991 1466 1051 διπλάσιοι
1508 991 1638 1061 εἰσὶ,
1681 991 1955 1050 καὶτοῦτο
1978 1012 2089 1066 μεν
2142 991 2307 1067 7?sz
2363 993 2519 1049 ἄλλα

447 1113 531 1168 ὃτὶ
559 1114 590 1167 ὁ
615 1111 790 1184 λόγος
817 1111 848 1169 ὁ
874 1112 931 1168 ix·
957 1119 1065 1167 τῶν
1087 1108 1180 1169 ὂύο
1208 1109 1512 1168 διπλασίων
1539 1109 1657 1167 ἐςὶε
1691 1095 1770 1168 ld
1792 1109 1928 1186 est,
1953 1121 2093 1169 non
2119 1096 2306 1170 dicit
2332 1095 2521 1169 dm

448 1209 782 1282 ratione-s·
816 1210 1028 1282 unius
1056 1233 1220 1282 esse
1254 1208 1554 1307 duplas,
1589 1208 1791 1307 quod
1818 1218 2062 1283 tamen
2097 1219 2213 1283 est
2247 1232 2519 1298 verum,

451 1322 593 1396 sed
619 1322 975 1395 rationem
1027 1346 1119 1394 ex
1180 1320 1468 1395 duabus
1528 1321 2003 1421 compo-sitam
2061 1346 2227 1395 esse
2272 1321 2523 1420 dupli-

456 1445 718 1509 catam.

561 1548 658 1621 B.
713 1549 883 1621 Non
917 1547 1147 1644 capio.
1249 1546 1531 1620 Vellem
1564 1547 1935 1644 professor
1978 1558 2228 1621 noster
2283 1559 2530 1623 osten-

459 1662 689 1736 disset
717 1684 942 1757 quare
978 1661 1142 1734 duae
1175 1660 1497 1733 rationes
1530 1661 1849 1757 aequales
1903 1662 2324 1757 compositae
2377 1684 2528 1735 non

460 1774 742 1850 faciunt
775 1774 1134 1848 rationem
1180 1773 1399 1846 unius
1456 1772 1778 1870 duplam,
1812 1787 1889 1847 et
1944 1798 2167 1871 quare
2228 1774 2533 1870 duplum

463 1889 705 1986 simpli
729 1912 876 1962 non
913 1889 1008 1961 sit
1036 1887 1364 1984 ejusdem
1399 1886 1641 1983 simpli
1678 1886 2151 1984 duplicatum.

564 2003 663 2076 A.
719 2002 866 2076 Sed
899 2002 1159 2074 harum
1191 2025 1458 2076 vocum
1518 2000 1744 2074 alium
1797 2024 2087 2075 sensum
2145 2023 2300 2074 esse
2356 2000 2536 2074 dicit

464 2116 662 2212 apud
694 2115 1273 2189 mathematicos,

571 2230 668 2303 B.
725 2228 994 2302 Credo,

565 2342 664 2416 A.
716 2343 814 2415 Et
840 2365 1004 2438 eg0,
1033 2342 1171 2415 etsi
1206 2366 1353 2416 non
1384 2366 1694 2438 semper,
1729 2353 1974 2415 tamen
2009 2343 2406 2439 saepissime
2435 2342 2541 2416 ita

471 2480 652 2530 esse.
757 2454 844 2528 Id
872 2453 1070 2552 quod
1112 2479 1203 2527 ex
1245 2480 1331 2530 eo
1370 2455 1701 2551 contigit,
1749 2455 1969 2552 quod,
2007 2469 2091 2529 ut
2146 2455 2296 2529 dixi
2348 2468 2540 2544 ante,

471 2592 620 2643 non
654 2569 813 2642 ausi
848 2580 1018 2641 sunt
1052 2569 1408 2642 rationem
1443 2568 1746 2641 minoris
1774 2569 1870 2642 ad
1903 2569 2215 2643 mediam
2244 2569 2541 2666 duplam

473 2706 629 2756 esse
669 2681 909 2754 dicere
943 2681 1251 2754 rationis
1287 2681 1609 2777 ejusdem
1650 2681 1951 2755 minoris
1977 2683 2073 2756 ad
2126 2684 2542 2757 maximam.

478 2796 663 2870 Quae
731 2806 977 2868 tamen
1045 2793 1549 2889 magnitudine
1617 2794 1840 2891 dupla
1899 2807 2035 2886 est,
2100 2820 2543 2893 quamquam

476 2932 781 2984 numero
830 2908 1195 2981 rationum
1258 2906 1605 2992 dimidia;
1658 2920 1743 2980 ut
1792 2910 1980 2982 ratio
2026 2919 2051 2982 l
2097 2910 2194 2983 ad
2226 2920 2271 2985 2
2322 2910 2547 3007 dupla

478 3036 590 3097 est
633 3020 938 3095 rationis
984 3030 1009 3093 l
1059 3019 1152 3093 ad
1186 3029 1230 3092 4
1292 3020 1723 3115 quantitate,
1760 3021 1896 3093 etsi
1946 3036 2226 3111 eontra,
2271 3021 2460 3097 ratio
2506 3033 2534 3096 l

477 3137 572 3211 ad
606 3148 650 3210 4
692 3135 915 3232 dupla
959 3134 1076 3224 sit,
1113 3134 1173 3207 si
1228 3145 1513 3230 spectes
1564 3134 1929 3207 rationum
1990 3159 2416 3209 numerum:
2469 3136 2548 3209 id

481 3250 676 3346 quod
703 3273 895 3346 saepe
929 3248 1108 3322 alias
1143 3247 1317 3335 dixi,
1352 3247 1720 3335 nimirum,
1744 3247 1821 3320 in
1855 3248 2255 3323 rationibus
2313 3249 2549 3323 mino-

481 3364 579 3437 ris
614 3362 710 3436 ad
759 3363 1136 3458 majorem,
1172 3384 1338 3457 quae
1373 3372 1546 3433 sunt
1590 3360 1910 3433 rationes
1973 3361 2325 3453 defectuS,
2361 3363 2550 3437 mul-

482 3476 840 3573 tiplicatio
910 3475 1281 3548 rationum
1353 3473 1835 3569 quantitatem
1894 3474 2196 3549 rationis
2263 3476 2551 3566 minuit,

486 3589 743 3663 divisio
791 3598 1033 3685 auget.
1137 3585 1445 3674 Deinde,
1474 3585 1673 3680 quod
1699 3586 2160 3684 Meybomius
2204 3590 2406 3680 dicit,
2464 3591 2555 3665 Si

486 3702 849 3776 rationum
881 3699 1320 3799 magnitudo
1340 3698 1445 3771 sit
1467 3697 1958 3795 exploranda,
1990 3700 2128 3774 illa
2157 3705 2395 3799 major
2414 3714 2553 3795 est,

490 3818 697 3911 cujus
734 3813 1025 3888 termini
1078 3812 1376 3911 longius
1411 3811 1609 3885 inter
1641 3835 1725 3885 se
1748 3812 2056 3903 distant,
2105 3815 2367 3889 falsum
2402 3828 2554 3890 est:

490 3952 659 4002 nam
703 3939 732 4003 l
778 3927 874 4001 ad
898 3937 943 4002 2
983 3928 1338 4022 majorem
1362 3927 1585 4000 habet
1607 3926 1970 4001 rationem
2004 3952 2221 4024 quam
2261 3938 2288 4002 1
2333 3929 2428 4002 ad
2463 3938 2556 4012 43

492 4065 659 4115 cum
686 4054 934 4116 tamen
968 4040 1263 4114 termini
1307 4050 1441 4114 let
1474 4049 1519 4112 4
1568 4039 1860 4136 longius
1906 4042 2099 4115 inter
2148 4065 2225 4115 se
2284 4041 2562 4116 distent

494 4178 712 4250 quam
759 4163 786 4228 l
834 4166 908 4227 et
954 4163 1025 4228 2.
1131 4153 1351 4228 Quod
1403 4154 1623 4226 etiam
1651 4154 1839 4227 vidit
1873 4154 2266 4229 wallisius,
2370 4155 2563 4228 Rur-

1112 4404 1146 4441 0
1192 4398 1292 4459 Sic
1319 4399 1476 4458 Edit.
1514 4403 1667 4459 1660
1692 4411 1753 4461 et
1786 4403 1955 4460 1668.
