3094 5125
707 481 842 560 176
1130 500 1668 555 ΕΧΑΜῙΝΑΤΙΟ
1709 504 1813 555 ET
1852 504 2346 557 ΕΜΕΝΒΑΤΙΟ

322 686 620 732 mnoous
699 677 985 740 constat
1035 691 1123 740 ex
1166 668 1453 743 infinito
1507 694 1811 743 numero
1872 671 2257 767 planorum
2309 673 2766 751 arithmetice

326 769 610 873 *L
693 782 1374 876 proportionalium.
1457 783 1677 859 Quod
1712 785 2180 858 concedimus
2213 798 2297 859 ut
2333 811 2611 877 verum,
2640 791 2769 864 sed

693 917 846 966 non
897 908 982 967 ut
1035 918 1331 986 novum,
1393 920 1531 970 nec
1591 898 1712 969 hic
1773 898 2373 987 demonstratum,
2443 902 2582 974 nisi
2644 903 2767 977 illa

689 1007 909 1103 plana
942 1008 1088 1081 sint
1122 1008 1543 1104 cylindrusi.
1650 1008 1869 1084 Quod
1904 1024 1989 1083 tu
2038 1010 2301 1083 iterum
2357 1012 2555 1088 dices
2608 1039 2764 1090 esse

689 1119 975 1194 falsum.

787 1229 881 1306 A.
936 1231 1269 1308 Quidni?

788 1346 887 1418 B.
941 1346 1347 1442 Propositio
1410 1347 1693 1420 decima
1752 1358 1886 1438 est,
1955 1348 2156 1444 quod
2203 1350 2762 1446 pyramidoidia⁵

673 1457 1105 1554 parabolici
1137 1470 1211 1533 et
1251 1460 1478 1557 plani
1523 1485 1676 1557 per
1725 1485 1941 1533 axem
1991 1462 2317 1535 secanti-s·
2376 1467 2760 1538 communis

685 1571 916 1643 sectio
950 1581 1065 1644 est
1099 1573 1505 1671 parabola.
1612 1574 1831 1650 Quod
1867 1588 1980 1647 est
2012 1575 2300 1665 falsum,
2346 1576 2487 1649 nisi
2536 1578 2762 1652 addat

686 1684 883 1779 quod
918 1686 1146 1759 sectio
1181 1687 1492 1760 transire
1529 1687 1792 1760 debeat
1837 1711 1968 1783 per
2018 1689 2326 1784 angulos
2363 1691 2756 1787 oppositos.

687 1796 871 1870 Cum
907 1800 1103 1872 enim
1151 1800 1477 1874 conoidis
1531 1800 1929 1897 parabolici
1978 1801 2320 1897 planique
2366 1826 2499 1898 per
2544 1828 2754 1877 axem

686 1914 1093 1987 communis
1152 1914 1379 1987 sectio
1432 1914 1526 1987 sit
1576 1915 1941 2011 parabola,
2003 1914 2447 2010 impossibile
2505 1928 2618 1990 est
2670 1932 2754 1990 ut

682 2024 878 2098 idem
913 2028 1294 2124 contingat
1326 2028 1401 2100 in
1436 2027 1962 2123 pyramidoide,
2000 2039 2128 2101 aut
2160 2028 2310 2101 ulla
2342 2029 2485 2102 alia
2519 2031 2754 2125 figura

679 2138 930 2212 basem
961 2141 1280 2214 habente
1315 2140 1791 2229 rectilineam‚
1828 2165 2114 2237 nempe,
2150 2142 2624 2238 polygonum.
2738 2205 2741 2212 .

776 2250 868 2326 Α.
925 2253 1328 2351 Propositio
1363 2254 1437 2326 xi
1478 2254 1791 2349 figuram
1836 2254 2137 2327 exhibet
2185 2255 2403 2328 aliam
2450 2280 2743 2342 novam,

679 2389 899 2460 quam
922 2368 1242 2462 appellat
1277 2389 1588 2438 cuneum
1614 2367 2144 2463 parabolicum:
2182 2368 2308 2463 qui
2336 2369 2516 2440 nihil
2549 2369 2748 2442 aliud

675 2489 808 2567 est,
895 2488 978 2550 ut
1045 2480 1224 2551 mihi
1290 2477 1605 2568 videtur,
1670 2503 1889 2575 quam
1957 2480 2380 2577 simpliciter
2449 2505 2746 2571 cuneuS‚

673 2591 1042 2681 nimirum,
1065 2593 1339 2688 prisma
1366 2595 1572 2687 cujus
1597 2592 1791 2666 basis
1827 2605 1941 2666 est
1965 2594 2743 2692 parallelogrammum,

672 2704 865 2777 acies
901 2714 1146 2779 autem
1180 2706 1372 2778 linea
1408 2716 1632 2779 recta.
1739 2707 1960 2781 Quod
1995 2708 2290 2803 quidem
2324 2709 2598 2805 prisma
2633 2723 2746 2782 est

670 2830 1152 2914 aggregatum
1211 2819 1764 2914 triangulorum,
1818 2844 2129 2916 quorum
2185 2821 2479 2917 quidem
2531 2823 2743 2895 bases

670 2928 885 3003 simul
946 2954 1197 3004 omnes
1257 2930 1539 3005 faciunt
1596 2932 2379 3029 parallelogrammum,
2432 2935 2742 3008 vertices

668 3054 916 3116 autem
948 3044 1214 3118 lineam
1249 3057 1551 3118 rectam.
1630 3047 1817 3121 Quae
1845 3059 1956 3119 est
1989 3047 2227 3143 figura
2253 3048 2431 3121 tecti
2461 3047 2737 3122 domus,

766 3152 861 3229 B.
913 3157 1219 3253 Temere
1254 3159 1436 3232 haec.

768 3269 865 3342 A.
921 3271 1343 3368 Sequuntur
1410 3295 1659 3345 rursus
1718 3272 2019 3345 inventa
2085 3273 2344 3346 aliena.
2482 3274 2738 3370 Itaque

668 3381 1075 3477 Propositio
1111 3385 1213 3458 xii
1250 3384 1573 3458 ostendit
1630 3384 1807 3481 quid
1861 3384 1955 3458 sit
2003 3384 2203 3458 latas
2253 3396 2551 3477 rectum,
2587 3389 2737 3461 sive

649 3505 1117 3591 parameter‚
1185 3498 1335 3571 sive
1385 3499 1616 3591 juxta
1684 3522 1902 3594 quam
1956 3508 2275 3596 possunt
2343 3499 2737 3574 ordinatim

661 3607 1622 3704 applicatae.—Parameter
1688 3609 1842 3683 haee
1916 3634 2056 3683 non
2106 3611 2415 3708 uspiam,
2471 3613 2733 3709 inquit,

658 3721 778 3793 vel
808 3721 882 3795 in
917 3722 1080 3794 coni
1113 3723 1438 3795 sectione
1460 3721 1580 3797 vel
1607 3722 1684 3795 in
1718 3723 1884 3820 ipso
1916 3748 2089 3796 cono
2123 3724 2432 3797 realiter
2449 3726 2733 3817 existit,

660 3833 800 3908 sed
817 3833 980 3907 sola
1003 3834 1530 3933 imaginatione
1549 3833 2289 3932 suppletum—Quod
2316 3848 2427 3910 est
2445 3838 2731 3929 falsum,

658 3959 1057 4044 natumque
1092 3972 1182 4021 ex
1203 3949 1570 4045 imperitia
1588 3948 1900 4022 hominis
1921 3949 1996 4021 in
2024 3948 2297 4023 conicis
2323 3952 2728 4027 semidocti.

762 4061 859 4135 B.
916 4061 1271 4144 Quaenam
1297 4073 1546 4135 autem
1574 4073 1684 4135 est
1707 4074 1910 4135 recta
1942 4062 2066 4135 illa
2099 4063 2177 4135 in
2214 4065 2382 4137 coni
2407 4066 2730 4139 sectione

656 4176 951 4249 realiter
984 4175 1302 4249 existens
1327 4173 1786 4271 parameter?
2516 4239 2523 4249 .

757 4289 854 4362 A.
910 4289 1193 4363 Dicam.
1327 4282 1679 4362 Describe
1748 4287 2191 4385 parabolam,
2268 4292 2447 4384 (non
2505 4316 2726 4381 nunc,

649 4400 788 4474 ¹sed
822 4426 987 4475 cum
1022 4403 1245 4478 fueris
1282 4403 1478 4501 apud
1510 4404 1646 4498 te),
1675 4414 1749 4477 et
1784 4402 2322 4500 comprehende
2348 4405 2726 4501 parallelo-
