3094 5125
338 713 474 754 CAP.
492 715 622 757 XXI.

341 782 627 817 z-qf——ae

323 845 392 889 De
422 848 639 900 magnitu-

321 910 424 954 dine
443 912 600 956 circuli

320 974 604 1033 Bugoniam.

718 512 889 577 452-
1000 524 1108 576 nn
1148 525 1611 582 PRINcu’ns
1650 530 1754 582 ET
1793 530 2530 584 RArlocmATloNss

708 691 924 766 lineae
957 716 1371 785 commune,
1407 718 1662 769 omnes
1711 696 1857 771 inae
1892 708 2286 794 tangentes
2328 722 2659 772 numero
2716 699 2842 771 in-

708 804 940 879 finitae
974 806 1427 881 constituent
1461 809 1702 905 ipsum
1734 833 1988 883 arcum
2023 810 2249 883 ABC.
2355 813 2460 885 At
2491 811 2557 884 si
2603 812 2686 885 B
2727 812 2837 884 sit

712 930 928 993 extra
983 921 1361 1010 circulum,
1411 923 1743 1019 quamvis
1800 923 1942 1020 ipsi
1992 924 2450 1020 contiguum,
2503 924 2831 998 chordae

710 1032 867 1122 AB,
898 1032 1023 1106 BC
1048 1035 1401 1107 secabunt
1436 1035 1792 1108 circulum
1826 1059 1978 1109 non
2012 1035 2087 1108 in
2120 1036 2380 1111 eodem
2413 1050 2709 1134 puncto
2741 1038 2828 1110 in

711 1170 856 1242 quo
895 1159 1186 1221 secatur
1221 1172 1266 1221 a
1300 1159 1505 1222 recta
1539 1149 1685 1239 FB,
1713 1148 1843 1222 sed
1878 1151 2266 1247 utrobique
2303 1151 2494 1224 citra
2530 1151 2820 1248 ipsum.

710 1261 951 1333 Docet
1001 1260 1198 1333 enim
1259 1261 1603 1335 Euclides
1664 1260 1903 1359 (prop.
1954 1273 2024 1336 2.
2073 1265 2307 1339 Elem.
2345 1264 2456 1357 iii)
2518 1278 2823 1337 rectam

711 1372 835 1446 CB
864 1383 1101 1447 totam
1136 1396 1295 1448 esse
1328 1374 1526 1448 intra
1560 1375 1941 1466 circulum,
1978 1387 2056 1450 et
2097 1377 2339 1474 (prop.
2386 1385 2499 1451 16.
2534 1377 2651 1450 El.
2689 1377 2817 1470 iii)

706 1494 1139 1581 tangentem
1174 1510 1332 1561 esse
1366 1497 1602 1561 totam
1637 1498 1847 1561 extra
1871 1488 2253 1563 circulum.
2357 1490 2622 1586 Itaque
2643 1490 2824 1562 nul-

708 1598 783 1672 la
824 1609 1031 1674 recta
1072 1611 1347 1697 praeter
1401 1600 1520 1674 FB
1568 1601 1889 1675 transire
1939 1614 2190 1699 potest
2249 1626 2383 1700 per
2415 1625 2677 1676 arcum
2733 1615 2822 1676 et

705 1722 1135 1809 tangentem
1172 1712 1268 1785 ad
1300 1712 1495 1785 idem
1524 1726 1883 1809 punctum
1913 1714 1999 1803 B,
2026 1738 2291 1812 nempe
2317 1714 2417 1789 ad
2440 1727 2824 1811 punctum

711 1825 911 1924 quod
947 1838 1217 1900 vocant
1254 1836 1655 1917 contactus,
1693 1827 1836 1901 nisi
1869 1828 2166 1925 utrique
2191 1829 2407 1902 lineae
2442 1827 2816 1901 attribua-

708 1948 833 2013 tur
866 1938 1180 2012 latitudo
1215 1939 1478 2036 aliqua.

811 2053 1069 2151 Itaque
1124 2054 1311 2127 falso
1360 2076 1535 2126 usus
1588 2053 1951 2151 principio
2004 2053 2172 2142 hoc,
2223 2061 2585 2151 punctum
2634 2076 2816 2127 esse

707 2166 918 2258 nihil,
942 2179 1113 2263 post
1145 2167 1415 2240 multas
1451 2166 2116 2241 demonstrationes
2150 2166 2426 2255 intulit,
2455 2164 2809 2260 differen-

709 2279 894 2354 tiam
962 2281 1156 2354 inter
1223 2280 1525 2354 tertiam
1572 2289 1877 2378 partem
1936 2304 2160 2353 arcus
2219 2277 2665 2378 quadrantis
2725 2287 2811 2350 et

710 2393 1091 2483 chordam,
1143 2394 1251 2467 ad
1280 2392 1783 2488 differentiam
1839 2393 2036 2467 inter
2070 2392 2425 2466 chordam
2475 2389 2810 2487 ejusdem

711 2507 962 2581 tertioe
1001 2506 1266 2605 partis
1317 2516 1391 2578 et
1442 2505 1678 2578 sinum
1711 2507 1872 2602 ejus
1913 2503 2098 2600 (sive
2153 2504 2623 2579 semiradium
2655 2502 2807 2576 eir-

713 2620 889 2713 culi)
923 2621 1273 2714 majorem
1307 2616 1579 2690 habere
1611 2619 1972 2692 rationem
2006 2644 2227 2718 quam
2261 2629 2304 2692 4
2343 2619 2454 2691 ad
2482 2627 2562 2691 3:
2599 2617 2808 2713 quod

712 2749 862 2806 non
890 2757 1149 2829 parum
1177 2732 1566 2805 confirmat
1598 2732 1677 2805 id
1704 2732 1901 2829 quod
1927 2734 2246 2808 refutare
2266 2732 2522 2807 voluit.
2577 2731 2807 2806 Quod

714 2855 963 2919 autem
1004 2844 1255 2918 intulit
1309 2855 1588 2918 rectam
1636 2847 2119 2943 compositam
2165 2870 2212 2920 a
2260 2845 2469 2919 radio
2504 2855 2582 2917 et
2633 2856 2810 2917 tan-
2857 2878 2865 2884 ·

712 2970 937 3056 gente
974 2966 1069 3032 30
1105 2957 1469 3054 graduum
1516 2960 1871 3055 majorem
1924 2983 2079 3033 esse
2130 2983 2307 3032 arcu
2342 2958 2800 3054 quadrantiS,

715 3071 1066 3169 deceptus
1102 3072 1304 3162 fecit,
1343 3096 1430 3145 eo
1471 3072 1670 3167 quod
1700 3083 1999 3168 putaret
2033 3071 2321 3145 radium
2357 3071 2612 3145 circuli
2646 3065 2801 3145 noti

714 3186 1076 3259 minorem
1110 3210 1268 3260 esse
1301 3210 1520 3283 quam
1558 3210 1722 3282 quae
1757 3186 1849 3259 ab
1886 3186 2147 3260 eodem
2194 3195 2451 3259 centro
2489 3184 2584 3258 ad
2637 3195 2802 3257 tan-

714 3309 1011 3395 gentem
1047 3299 1365 3389 ducitur,
1404 3323 1570 3395 quae
1605 3310 1715 3373 est
1748 3310 1958 3372 extra
1998 3298 2377 3372 circulum.
2482 3297 2800 3371 Consule

715 3412 955 3509 ipsum
991 3412 1182 3486 illius
1215 3415 1507 3504 librum,
1546 3414 1755 3509 cujus
1781 3412 1962 3486 mihi
1996 3412 2392 3509 exemplar,
2428 3411 2605 3484 dum
2635 3410 2801 3484 haec

715 3524 982 3612 scribo,
1018 3525 1223 3598 deest
1253 3555 1270 3597 ε
1307 3549 1469 3616 nec,
1507 3526 1570 3598 si
1603 3525 1915 3615 adesset,
1945 3525 2608 3600 demonstrationes
2642 3526 2802 3620 ejus

716 3638 1100 3716 commode
1132 3637 1254 3711 hic
1290 3639 1979 3713 transcriberentur.

1496 4070 1705 4146 CAP.
1762 4070 2014 4144 XXII.

1270 4232 1377 4284 DE.
1432 4230 1845 4285 SECTIONE
1882 4229 2234 4285 ANGULI.

711 4339 1221 4411 Rama-,mun
1259 4338 1352 4410 ad
1389 4336 1841 4434 diagramma
1870 4335 2148 4432 Capitis
2177 4359 2294 4408 xx.

810 4453 898 4526 In
933 4451 1056 4523 illo
1087 4451 1641 4549 diagrammate,
1672 4451 1770 4525 sit
1805 4451 2020 4524 datus
2049 4472 2263 4523 arcus
2289 4444 2652 4520 trifariam
2690 4470 2794 4521 se·

708 4563 984 4638 candus
1022 4563 1147 4636 Ba.
