<?xml version="1.0" encoding="UTF-8"?>
<!DOCTYPE html PUBLIC "-//W3C//DTD XHTML 1.0 Transitional//EN"
    "http://www.w3.org/TR/xhtml1/DTD/xhtml1-transitional.dtd">
<html xmlns="http://www.w3.org/1999/xhtml" xml:lang="en" lang="en">
 <head>
  <title>
</title>
<meta http-equiv="Content-Type" content="text/html;charset=utf-8" />
  <meta name='ocr-system' content='tesseract 3.04.00' />
  <meta name='ocr-capabilities' content='ocr_page ocr_carea ocr_par ocr_line ocrx_word'/>
</head>
<body>
  <div class='ocr_page' id='page_1' title='image "./thomhobbesmalme02molegoog_0447.png"; bbox 0 0 3094 5125; ppageno 0'>
   <div class='ocr_carea' id='block_1_1' title="bbox 1019 509 2378 578">
    <p class='ocr_par' dir='ltr' id='par_1_1' title="bbox 1019 509 2378 578">
     <span class='ocr_line' id='line_1_1' title="bbox 1019 509 2378 578; baseline -0.002 0"><span class='ocrx_word' id='word_1_1' title='bbox 1019 524 1685 578; x_wconf 71' lang='lat' dir='ltr'><strong>onoun&#39;rnARuM.</strong></span> <span class='ocrx_word' id='word_1_2' title='bbox 2234 509 2378 576; x_wconf 84' lang='lat'><strong>435</strong></span> 
     </span>
    </p>
   </div>
   <div class='ocr_carea' id='block_1_2' title="bbox 306 689 2395 4614">
    <p class='ocr_par' dir='ltr' id='par_1_2' title="bbox 311 689 2385 1239">
     <span class='ocr_line' id='line_1_2' title="bbox 414 689 2382 789; baseline 0.001 -27"><span class='ocrx_word' id='word_1_3' title='bbox 414 690 693 764; x_wconf 88' lang='lat' dir='ltr'>Rursus</span> <span class='ocrx_word' id='word_1_4' title='bbox 725 690 1143 789; x_wconf 91' lang='lat' dir='ltr'><strong>incipiendo</strong></span> <span class='ocrx_word' id='word_1_5' title='bbox 1174 717 1220 765; x_wconf 90' lang='lat' dir='ltr'><strong>a</strong></span> <span class='ocrx_word' id='word_1_6' title='bbox 1251 692 1591 782; x_wconf 79' lang='lat' dir='ltr'><strong>maxima,</strong></span> <span class='ocrx_word' id='word_1_7' title='bbox 1612 690 1800 764; x_wconf 88' lang='lat' dir='ltr'><strong>ratio</strong></span> <span class='ocrx_word' id='word_1_8' title='bbox 1835 689 2089 787; x_wconf 86' lang='lat' dir='ltr'><strong>primae</strong></span> <span class='ocrx_word' id='word_1_9' title='bbox 2114 689 2210 763; x_wconf 92' lang='lat' dir='ltr'><strong>ad</strong></span> <span class='ocrx_word' id='word_1_10' title='bbox 2234 700 2382 764; x_wconf 90' lang='lat' dir='ltr'><strong>ter-</strong></span> 
     </span>
     <span class='ocr_line' id='line_1_3' title="bbox 313 802 2381 901; baseline 0 -25"><span class='ocrx_word' id='word_1_11' title='bbox 313 802 494 877; x_wconf 85' lang='lat' dir='ltr'><strong>tiam</strong></span> <span class='ocrx_word' id='word_1_12' title='bbox 541 816 654 877; x_wconf 90' lang='lat' dir='ltr'><strong>est</strong></span> <span class='ocrx_word' id='word_1_13' title='bbox 708 807 944 900; x_wconf 90' lang='lat' dir='ltr'><strong>major</strong></span> <span class='ocrx_word' id='word_1_14' title='bbox 975 806 1261 880; x_wconf 91' lang='lat' dir='ltr'><strong>ratione</strong></span> <span class='ocrx_word' id='word_1_15' title='bbox 1295 805 1621 901; x_wconf 88' lang='lat' dir='ltr'><strong>ejusdem</strong></span> <span class='ocrx_word' id='word_1_16' title='bbox 1663 804 1919 901; x_wconf 86' lang='lat' dir='ltr'><strong>primae</strong></span> <span class='ocrx_word' id='word_1_17' title='bbox 1972 803 2067 877; x_wconf 94' lang='lat' dir='ltr'><strong>ad</strong></span> <span class='ocrx_word' id='word_1_18' title='bbox 2121 826 2381 877; x_wconf 91' lang='lat' dir='ltr'><strong>secun-</strong></span> 
     </span>
     <span class='ocr_line' id='line_1_4' title="bbox 315 915 2385 1015; baseline -0.001 -25"><span class='ocrx_word' id='word_1_19' title='bbox 315 915 508 1006; x_wconf 91' lang='lat' dir='ltr'><strong>dam,</strong></span> <span class='ocrx_word' id='word_1_20' title='bbox 569 941 832 1014; x_wconf 86' lang='lat' dir='ltr'><strong>nempe</strong></span> <span class='ocrx_word' id='word_1_21' title='bbox 891 917 1116 1015; x_wconf 93' lang='lat' dir='ltr'><strong>duplo</strong></span> <span class='ocrx_word' id='word_1_22' title='bbox 1178 919 1450 1014; x_wconf 87' lang='lat' dir='ltr'><strong>major:</strong></span> <span class='ocrx_word' id='word_1_23' title='bbox 1520 929 1802 1006; x_wconf 86' lang='lat' dir='ltr'><strong>contra,</strong></span> <span class='ocrx_word' id='word_1_24' title='bbox 1862 915 2279 1013; x_wconf 92' lang='lat' dir='ltr'><strong>incipiendo</strong></span> <span class='ocrx_word' id='word_1_25' title='bbox 2337 941 2385 989; x_wconf 92' lang='lat' dir='ltr'><strong>a</strong></span> 
     </span>
     <span class='ocr_line' id='line_1_5' title="bbox 311 1029 2385 1127; baseline 0 -24"><span class='ocrx_word' id='word_1_26' title='bbox 311 1030 639 1119; x_wconf 88' lang='lat' dir='ltr'><strong>minima,</strong></span> <span class='ocrx_word' id='word_1_27' title='bbox 675 1031 864 1104; x_wconf 91' lang='lat' dir='ltr'><strong>ratio</strong></span> <span class='ocrx_word' id='word_1_28' title='bbox 898 1030 1152 1127; x_wconf 72' lang='lat' dir='ltr'><strong>primae</strong></span> <span class='ocrx_word' id='word_1_29' title='bbox 1186 1030 1281 1104; x_wconf 93' lang='lat' dir='ltr'><strong>ad</strong></span> <span class='ocrx_word' id='word_1_30' title='bbox 1316 1031 1609 1106; x_wconf 84' lang='lat' dir='ltr'><strong>tertiam</strong></span> <span class='ocrx_word' id='word_1_31' title='bbox 1659 1030 1898 1103; x_wconf 90' lang='lat' dir='ltr'><strong>minor</strong></span> <span class='ocrx_word' id='word_1_32' title='bbox 1942 1041 2056 1102; x_wconf 90' lang='lat' dir='ltr'><strong>est</strong></span> <span class='ocrx_word' id='word_1_33' title='bbox 2101 1029 2385 1103; x_wconf 88' lang='lat' dir='ltr'><strong>ratione</strong></span> 
     </span>
     <span class='ocr_line' id='line_1_6' title="bbox 312 1141 2088 1239; baseline 0 -25"><span class='ocrx_word' id='word_1_34' title='bbox 312 1143 570 1239; x_wconf 88' lang='lat' dir='ltr'><strong>primae</strong></span> <span class='ocrx_word' id='word_1_35' title='bbox 602 1141 696 1215; x_wconf 92' lang='lat' dir='ltr'><strong>ad</strong></span> <span class='ocrx_word' id='word_1_36' title='bbox 731 1144 1149 1233; x_wconf 87' lang='lat' dir='ltr'><strong>secundam,</strong></span> <span class='ocrx_word' id='word_1_37' title='bbox 1184 1144 1530 1217; x_wconf 89' lang='lat' dir='ltr'><strong>nimirum</strong></span> <span class='ocrx_word' id='word_1_38' title='bbox 1566 1142 1790 1239; x_wconf 91' lang='lat' dir='ltr'><strong>duplo</strong></span> <span class='ocrx_word' id='word_1_39' title='bbox 1823 1141 2088 1215; x_wconf 90' lang='lat' dir='ltr'><strong>minor.</strong></span> 
     </span>
    </p>

    <p class='ocr_par' dir='ltr' id='par_1_3' title="bbox 306 1253 2390 2008">
     <span class='ocr_line' id='line_1_7' title="bbox 412 1253 2383 1352; baseline -0.001 -22"><span class='ocrx_word' id='word_1_40' title='bbox 412 1256 690 1345; x_wconf 89' lang='lat' dir='ltr'><strong>Tertio,</strong></span> <span class='ocrx_word' id='word_1_41' title='bbox 727 1256 1145 1352; x_wconf 90' lang='lat' dir='ltr'><strong>incipiendo</strong></span> <span class='ocrx_word' id='word_1_42' title='bbox 1178 1280 1226 1330; x_wconf 91' lang='lat' dir='ltr'><strong>a</strong></span> <span class='ocrx_word' id='word_1_43' title='bbox 1256 1257 1598 1345; x_wconf 85' lang='lat' dir='ltr'><strong>maxima,</strong></span> <span class='ocrx_word' id='word_1_44' title='bbox 1635 1277 1923 1351; x_wconf 87' lang='lat' dir='ltr'><strong>semper</strong></span> <span class='ocrx_word' id='word_1_45' title='bbox 1953 1253 2192 1350; x_wconf 92' lang='lat' dir='ltr'><strong>prima</strong></span> <span class='ocrx_word' id='word_1_46' title='bbox 2237 1278 2383 1328; x_wconf 91' lang='lat' dir='ltr'><strong>ma-</strong></span> 
     </span>
     <span class='ocr_line' id='line_1_8' title="bbox 306 1368 2390 1465; baseline -0.001 -23"><span class='ocrx_word' id='word_1_47' title='bbox 306 1369 545 1464; x_wconf 88' lang='lat' dir='ltr'><strong>jorem</strong></span> <span class='ocrx_word' id='word_1_48' title='bbox 602 1369 960 1443; x_wconf 91' lang='lat' dir='ltr'><strong>rationem</strong></span> <span class='ocrx_word' id='word_1_49' title='bbox 1019 1370 1246 1443; x_wconf 89' lang='lat' dir='ltr'><strong>habet</strong></span> <span class='ocrx_word' id='word_1_50' title='bbox 1305 1369 1402 1443; x_wconf 92' lang='lat' dir='ltr'><strong>ad</strong></span> <span class='ocrx_word' id='word_1_51' title='bbox 1452 1394 1616 1443; x_wconf 91' lang='lat' dir='ltr'><strong>eam</strong></span> <span class='ocrx_word' id='word_1_52' title='bbox 1675 1392 1841 1465; x_wconf 86' lang='lat' dir='ltr'><strong>quae</strong></span> <span class='ocrx_word' id='word_1_53' title='bbox 1889 1368 2228 1463; x_wconf 86' lang='lat' dir='ltr'>proprior</span> <span class='ocrx_word' id='word_1_54' title='bbox 2277 1377 2390 1441; x_wconf 89' lang='lat' dir='ltr'><strong>est</strong></span> 
     </span>
     <span class='ocr_line' id='line_1_9' title="bbox 314 1480 2386 1579; baseline -0 -25"><span class='ocrx_word' id='word_1_55' title='bbox 314 1481 577 1569; x_wconf 84' lang='lat' dir='ltr'><strong>tertiae,</strong></span> <span class='ocrx_word' id='word_1_56' title='bbox 613 1506 831 1579; x_wconf 91' lang='lat' dir='ltr'><strong>quam</strong></span> <span class='ocrx_word' id='word_1_57' title='bbox 865 1481 961 1555; x_wconf 93' lang='lat' dir='ltr'><strong>ad</strong></span> <span class='ocrx_word' id='word_1_58' title='bbox 994 1506 1156 1556; x_wconf 89' lang='lat' dir='ltr'><strong>eam</strong></span> <span class='ocrx_word' id='word_1_59' title='bbox 1190 1506 1355 1578; x_wconf 84' lang='lat' dir='ltr'><strong>quae</strong></span> <span class='ocrx_word' id='word_1_60' title='bbox 1403 1483 1496 1556; x_wconf 92' lang='lat' dir='ltr'><strong>ab</strong></span> <span class='ocrx_word' id='word_1_61' title='bbox 1544 1480 1799 1556; x_wconf 91' lang='lat' dir='ltr'><strong>eadem</strong></span> <span class='ocrx_word' id='word_1_62' title='bbox 1845 1480 2068 1553; x_wconf 90' lang='lat' dir='ltr'><strong>tertia</strong></span> <span class='ocrx_word' id='word_1_63' title='bbox 2112 1492 2228 1553; x_wconf 90' lang='lat' dir='ltr'><strong>est</strong></span> <span class='ocrx_word' id='word_1_64' title='bbox 2277 1503 2386 1553; x_wconf 92' lang='lat' dir='ltr'><strong>re·</strong></span> 
     </span>
     <span class='ocr_line' id='line_1_10' title="bbox 314 1594 2390 1692; baseline -0.001 -24"><span class='ocrx_word' id='word_1_65' title='bbox 314 1595 620 1669; x_wconf 84' lang='lat' dir='ltr'><strong>motior:</strong></span> <span class='ocrx_word' id='word_1_66' title='bbox 671 1608 930 1669; x_wconf 90' lang='lat' dir='ltr'><strong>contra</strong></span> <span class='ocrx_word' id='word_1_67' title='bbox 962 1619 1161 1685; x_wconf 88' lang='lat' dir='ltr'><strong>vero,</strong></span> <span class='ocrx_word' id='word_1_68' title='bbox 1195 1595 1615 1692; x_wconf 91' lang='lat' dir='ltr'><strong>incipiendo</strong></span> <span class='ocrx_word' id='word_1_69' title='bbox 1649 1619 1697 1669; x_wconf 90' lang='lat' dir='ltr'><strong>a</strong></span> <span class='ocrx_word' id='word_1_70' title='bbox 1740 1594 2065 1682; x_wconf 90' lang='lat' dir='ltr'><strong>minima,</strong></span> <span class='ocrx_word' id='word_1_71' title='bbox 2102 1616 2390 1690; x_wconf 86' lang='lat' dir='ltr'><strong>semper</strong></span> 
     </span>
     <span class='ocr_line' id='line_1_11' title="bbox 313 1707 2388 1806; baseline -0.001 -25"><span class='ocrx_word' id='word_1_72' title='bbox 313 1709 550 1806; x_wconf 91' lang='lat' dir='ltr'><strong>prima</strong></span> <span class='ocrx_word' id='word_1_73' title='bbox 584 1709 942 1783; x_wconf 89' lang='lat' dir='ltr'><strong>minorem</strong></span> <span class='ocrx_word' id='word_1_74' title='bbox 975 1709 1336 1783; x_wconf 90' lang='lat' dir='ltr'><strong>rationem</strong></span> <span class='ocrx_word' id='word_1_75' title='bbox 1369 1710 1596 1783; x_wconf 89' lang='lat' dir='ltr'><strong>habet</strong></span> <span class='ocrx_word' id='word_1_76' title='bbox 1629 1707 1724 1781; x_wconf 87' lang='lat' dir='ltr'><strong>ad</strong></span> <span class='ocrx_word' id='word_1_77' title='bbox 1759 1730 1921 1781; x_wconf 90' lang='lat' dir='ltr'><strong>eam</strong></span> <span class='ocrx_word' id='word_1_78' title='bbox 1953 1730 2116 1802; x_wconf 86' lang='lat' dir='ltr'><strong>quae</strong></span> <span class='ocrx_word' id='word_1_79' title='bbox 2148 1707 2388 1780; x_wconf 85' lang='lat' dir='ltr'><strong>tertiae</strong></span> 
     </span>
     <span class='ocr_line' id='line_1_12' title="bbox 314 1820 2387 1921; baseline 0 -27"><span class='ocrx_word' id='word_1_80' title='bbox 314 1821 651 1917; x_wconf 88' lang='lat' dir='ltr'><strong>proprior</strong></span> <span class='ocrx_word' id='word_1_81' title='bbox 694 1834 830 1912; x_wconf 89' lang='lat' dir='ltr'><strong>est,</strong></span> <span class='ocrx_word' id='word_1_82' title='bbox 867 1846 1086 1920; x_wconf 91' lang='lat' dir='ltr'><strong>quam</strong></span> <span class='ocrx_word' id='word_1_83' title='bbox 1132 1823 1230 1896; x_wconf 87' lang='lat' dir='ltr'><strong>ad</strong></span> <span class='ocrx_word' id='word_1_84' title='bbox 1276 1846 1440 1896; x_wconf 91' lang='lat' dir='ltr'><strong>eam</strong></span> <span class='ocrx_word' id='word_1_85' title='bbox 1472 1846 1637 1921; x_wconf 86' lang='lat' dir='ltr'><strong>quae</strong></span> <span class='ocrx_word' id='word_1_86' title='bbox 1671 1844 1717 1894; x_wconf 87' lang='lat' dir='ltr'><strong>a</strong></span> <span class='ocrx_word' id='word_1_87' title='bbox 1751 1820 1971 1895; x_wconf 88' lang='lat' dir='ltr'><strong>tertia</strong></span> <span class='ocrx_word' id='word_1_88' title='bbox 2005 1830 2118 1894; x_wconf 88' lang='lat' dir='ltr'><strong>est</strong></span> <span class='ocrx_word' id='word_1_89' title='bbox 2149 1843 2387 1894; x_wconf 88' lang='lat' dir='ltr'><strong>remo-</strong></span> 
     </span>
     <span class='ocr_line' id='line_1_13' title="bbox 317 1935 482 2008; baseline 0.006 -1"><span class='ocrx_word' id='word_1_90' title='bbox 317 1935 482 2008; x_wconf 89' lang='lat' dir='ltr'><strong>tior.</strong></span> 
     </span>
    </p>

    <p class='ocr_par' dir='ltr' id='par_1_4' title="bbox 314 2045 2392 2488">
     <span class='ocr_line' id='line_1_14' title="bbox 418 2045 2387 2143; baseline -0.002 -22"><span class='ocrx_word' id='word_1_91' title='bbox 418 2048 727 2136; x_wconf 76' lang='lat' dir='ltr'><strong>Quarto,</strong></span> <span class='ocrx_word' id='word_1_92' title='bbox 766 2046 1184 2143; x_wconf 90' lang='lat' dir='ltr'><strong>incipiendo</strong></span> <span class='ocrx_word' id='word_1_93' title='bbox 1227 2071 1275 2121; x_wconf 91' lang='lat' dir='ltr'><strong>a</strong></span> <span class='ocrx_word' id='word_1_94' title='bbox 1310 2047 1647 2136; x_wconf 83' lang='lat' dir='ltr'><strong>maxima,</strong></span> <span class='ocrx_word' id='word_1_95' title='bbox 1684 2045 2005 2120; x_wconf 91' lang='lat' dir='ltr'><strong>rationes</strong></span> <span class='ocrx_word' id='word_1_96' title='bbox 2051 2055 2225 2118; x_wconf 90' lang='lat' dir='ltr'><strong>sunt</strong></span> <span class='ocrx_word' id='word_1_97' title='bbox 2269 2068 2387 2117; x_wconf 82' lang='lat' dir='ltr'><strong>ex-</strong></span> 
     </span>
     <span class='ocr_line' id='line_1_15' title="bbox 314 2162 2392 2261; baseline -0.002 -23"><span class='ocrx_word' id='word_1_98' title='bbox 314 2188 651 2238; x_wconf 88' lang='lat' dir='ltr'><strong>cessuum</strong></span> <span class='ocrx_word' id='word_1_99' title='bbox 684 2164 946 2260; x_wconf 90' lang='lat' dir='ltr'><strong>quibus</strong></span> <span class='ocrx_word' id='word_1_100' title='bbox 979 2165 1295 2260; x_wconf 88' lang='lat' dir='ltr'><strong>majores</strong></span> <span class='ocrx_word' id='word_1_101' title='bbox 1330 2174 1681 2261; x_wconf 90' lang='lat' dir='ltr'><strong>superant</strong></span> <span class='ocrx_word' id='word_1_102' title='bbox 1727 2162 2081 2235; x_wconf 86' lang='lat' dir='ltr'><strong>minores:</strong></span> <span class='ocrx_word' id='word_1_103' title='bbox 2132 2171 2392 2234; x_wconf 89' lang='lat' dir='ltr'><strong>contra</strong></span> 
     </span>
     <span class='ocr_line' id='line_1_16' title="bbox 314 2275 2389 2375; baseline -0.001 -25"><span class='ocrx_word' id='word_1_104' title='bbox 314 2302 514 2367; x_wconf 85' lang='lat' dir='ltr'><strong>vero,</strong></span> <span class='ocrx_word' id='word_1_105' title='bbox 543 2277 958 2375; x_wconf 90' lang='lat' dir='ltr'><strong>incipiendo</strong></span> <span class='ocrx_word' id='word_1_106' title='bbox 987 2302 1033 2350; x_wconf 87' lang='lat' dir='ltr'><strong>a</strong></span> <span class='ocrx_word' id='word_1_107' title='bbox 1056 2277 1383 2367; x_wconf 88' lang='lat' dir='ltr'><strong>minima,</strong></span> <span class='ocrx_word' id='word_1_108' title='bbox 1410 2277 1732 2351; x_wconf 90' lang='lat' dir='ltr'><strong>rationes</strong></span> <span class='ocrx_word' id='word_1_109' title='bbox 1767 2287 1942 2350; x_wconf 93' lang='lat' dir='ltr'><strong>sunt</strong></span> <span class='ocrx_word' id='word_1_110' title='bbox 1969 2275 2389 2349; x_wconf 84' lang='lat' dir='ltr'><strong>defectuum</strong></span> 
     </span>
     <span class='ocr_line' id='line_1_17' title="bbox 316 2389 2388 2488; baseline -0 -24"><span class='ocrx_word' id='word_1_111' title='bbox 316 2391 576 2488; x_wconf 91' lang='lat' dir='ltr'><strong>quibus</strong></span> <span class='ocrx_word' id='word_1_112' title='bbox 626 2391 946 2464; x_wconf 90' lang='lat' dir='ltr'><strong>minores</strong></span> <span class='ocrx_word' id='word_1_113' title='bbox 1003 2391 1355 2465; x_wconf 90' lang='lat' dir='ltr'><strong>deficiunt</strong></span> <span class='ocrx_word' id='word_1_114' title='bbox 1387 2415 1433 2464; x_wconf 93' lang='lat' dir='ltr'><strong>a</strong></span> <span class='ocrx_word' id='word_1_115' title='bbox 1465 2390 1973 2487; x_wconf 84' lang='lat' dir='ltr'><strong>magnitudine</strong></span> <span class='ocrx_word' id='word_1_116' title='bbox 2005 2389 2388 2485; x_wconf 87' lang='lat' dir='ltr'><strong>majorum.</strong></span> 
     </span>
    </p>

    <p class='ocr_par' dir='ltr' id='par_1_5' title="bbox 319 2501 2395 3279">
     <span class='ocr_line' id='line_1_18' title="bbox 417 2501 2395 2602; baseline -0.003 -22"><span class='ocrx_word' id='word_1_117' title='bbox 417 2504 724 2592; x_wconf 78' lang='lat' dir='ltr'><strong>Quinto,</strong></span> <span class='ocrx_word' id='word_1_118' title='bbox 760 2505 948 2580; x_wconf 87' lang='lat' dir='ltr'><strong>ratio</strong></span> <span class='ocrx_word' id='word_1_119' title='bbox 982 2505 1223 2580; x_wconf 87' lang='lat' dir='ltr'><strong>tertiae</strong></span> <span class='ocrx_word' id='word_1_120' title='bbox 1258 2505 1353 2580; x_wconf 91' lang='lat' dir='ltr'><strong>ad</strong></span> <span class='ocrx_word' id='word_1_121' title='bbox 1388 2505 1679 2580; x_wconf 83' lang='lat' dir='ltr'><strong>tertiam</strong></span> <span class='ocrx_word' id='word_1_122' title='bbox 1721 2503 1917 2602; x_wconf 88' lang='lat' dir='ltr'><strong>(quae</strong></span> <span class='ocrx_word' id='word_1_123' title='bbox 1951 2512 2061 2577; x_wconf 91' lang='lat' dir='ltr'><strong>est</strong></span> <span class='ocrx_word' id='word_1_124' title='bbox 2095 2501 2395 2599; x_wconf 85' lang='lat' dir='ltr'><strong>aequali-</strong></span> 
     </span>
     <span class='ocr_line' id='line_1_19' title="bbox 319 2616 2392 2711; baseline 0 -22"><span class='ocrx_word' id='word_1_125' title='bbox 319 2618 466 2711; x_wconf 89' lang='lat' dir='ltr'><strong>tas)</strong></span> <span class='ocrx_word' id='word_1_126' title='bbox 497 2618 575 2689; x_wconf 91' lang='lat' dir='ltr'><strong>in</strong></span> <span class='ocrx_word' id='word_1_127' title='bbox 594 2618 997 2692; x_wconf 90' lang='lat' dir='ltr'><strong>rationibus</strong></span> <span class='ocrx_word' id='word_1_128' title='bbox 1026 2643 1450 2693; x_wconf 82' lang='lat' dir='ltr'><strong>excessuum</strong></span> <span class='ocrx_word' id='word_1_129' title='bbox 1476 2620 1720 2693; x_wconf 92' lang='lat' dir='ltr'><strong>minor</strong></span> <span class='ocrx_word' id='word_1_130' title='bbox 1745 2630 1856 2692; x_wconf 90' lang='lat' dir='ltr'><strong>est</strong></span> <span class='ocrx_word' id='word_1_131' title='bbox 1882 2617 2082 2691; x_wconf 92' lang='lat' dir='ltr'><strong>omni</strong></span> <span class='ocrx_word' id='word_1_132' title='bbox 2107 2616 2392 2691; x_wconf 92' lang='lat' dir='ltr'><strong>ratione</strong></span> 
     </span>
     <span class='ocr_line' id='line_1_20' title="bbox 320 2730 2392 2829; baseline 0 -28"><span class='ocrx_word' id='word_1_133' title='bbox 320 2752 692 2803; x_wconf 86' lang='lat' dir='ltr'><strong>excessus:</strong></span> <span class='ocrx_word' id='word_1_134' title='bbox 744 2744 1003 2804; x_wconf 88' lang='lat' dir='ltr'><strong>contra</strong></span> <span class='ocrx_word' id='word_1_135' title='bbox 1050 2755 1251 2822; x_wconf 89' lang='lat' dir='ltr'><strong>vero,</strong></span> <span class='ocrx_word' id='word_1_136' title='bbox 1286 2734 1473 2808; x_wconf 91' lang='lat' dir='ltr'><strong>ratio</strong></span> <span class='ocrx_word' id='word_1_137' title='bbox 1509 2732 1946 2829; x_wconf 86' lang='lat' dir='ltr'><strong>aequalitatis</strong></span> <span class='ocrx_word' id='word_1_138' title='bbox 1993 2730 2230 2826; x_wconf 87' lang='lat' dir='ltr'><strong>major</strong></span> <span class='ocrx_word' id='word_1_139' title='bbox 2276 2741 2392 2802; x_wconf 89' lang='lat' dir='ltr'><strong>est</strong></span> 
     </span>
     <span class='ocr_line' id='line_1_21' title="bbox 321 2843 2390 2943; baseline 0.001 -28"><span class='ocrx_word' id='word_1_140' title='bbox 321 2843 523 2916; x_wconf 91' lang='lat' dir='ltr'><strong>omni</strong></span> <span class='ocrx_word' id='word_1_141' title='bbox 588 2844 871 2917; x_wconf 91' lang='lat' dir='ltr'><strong>ratione</strong></span> <span class='ocrx_word' id='word_1_142' title='bbox 926 2844 1291 2920; x_wconf 86' lang='lat' dir='ltr'><strong>defectus:</strong></span> <span class='ocrx_word' id='word_1_143' title='bbox 1353 2859 1429 2920; x_wconf 88' lang='lat' dir='ltr'><strong>et</strong></span> <span class='ocrx_word' id='word_1_144' title='bbox 1483 2848 1654 2943; x_wconf 91' lang='lat' dir='ltr'><strong>quia</strong></span> <span class='ocrx_word' id='word_1_145' title='bbox 1713 2846 1902 2918; x_wconf 92' lang='lat' dir='ltr'><strong>ratio</strong></span> <span class='ocrx_word' id='word_1_146' title='bbox 1956 2844 2390 2940; x_wconf 78' lang='lat' dir='ltr'><strong>aequalitatis</strong></span> 
     </span>
     <span class='ocr_line' id='line_1_22' title="bbox 321 2955 2388 3054; baseline 0 -25"><span class='ocrx_word' id='word_1_147' title='bbox 321 2955 691 3053; x_wconf 86' lang='lat' dir='ltr'><strong>quantitas</strong></span> <span class='ocrx_word' id='word_1_148' title='bbox 739 2981 889 3030; x_wconf 93' lang='lat' dir='ltr'><strong>non</strong></span> <span class='ocrx_word' id='word_1_149' title='bbox 938 2969 1073 3046; x_wconf 90' lang='lat' dir='ltr'><strong>est,</strong></span> <span class='ocrx_word' id='word_1_150' title='bbox 1107 2959 1246 3032; x_wconf 88' lang='lat' dir='ltr'><strong>erit</strong></span> <span class='ocrx_word' id='word_1_151' title='bbox 1279 2960 1651 3054; x_wconf 88' lang='lat' dir='ltr'><strong>quantitas</strong></span> <span class='ocrx_word' id='word_1_152' title='bbox 1697 2957 2001 3030; x_wconf 90' lang='lat' dir='ltr'><strong>rationis</strong></span> <span class='ocrx_word' id='word_1_153' title='bbox 2056 2955 2388 3030; x_wconf 89' lang='lat' dir='ltr'><strong>defectus</strong></span> 
     </span>
     <span class='ocr_line' id='line_1_23' title="bbox 321 3068 2392 3167; baseline -0 -25"><span class='ocrx_word' id='word_1_154' title='bbox 321 3069 563 3143; x_wconf 91' lang='lat' dir='ltr'><strong>minor</strong></span> <span class='ocrx_word' id='word_1_155' title='bbox 605 3068 861 3158; x_wconf 90' lang='lat' dir='ltr'><strong>nihilo,</strong></span> <span class='ocrx_word' id='word_1_156' title='bbox 903 3078 1112 3143; x_wconf 84' lang='lat' dir='ltr'><strong>tanto</strong></span> <span class='ocrx_word' id='word_1_157' title='bbox 1147 3082 1423 3167; x_wconf 90' lang='lat' dir='ltr'><strong>quanto</strong></span> <span class='ocrx_word' id='word_1_158' title='bbox 1469 3070 1659 3143; x_wconf 90' lang='lat' dir='ltr'><strong>ratio</strong></span> <span class='ocrx_word' id='word_1_159' title='bbox 1707 3091 2046 3142; x_wconf 82' lang='lat' dir='ltr'><strong>excessus</strong></span> <span class='ocrx_word' id='word_1_160' title='bbox 2093 3069 2232 3166; x_wconf 91' lang='lat' dir='ltr'><strong>ipsi</strong></span> <span class='ocrx_word' id='word_1_161' title='bbox 2277 3092 2392 3142; x_wconf 91' lang='lat' dir='ltr'><strong>re-</strong></span> 
     </span>
     <span class='ocr_line' id='line_1_24' title="bbox 320 3182 1379 3279; baseline 0 -23"><span class='ocrx_word' id='word_1_162' title='bbox 320 3182 688 3279; x_wconf 89' lang='lat' dir='ltr'><strong>spondens</strong></span> <span class='ocrx_word' id='word_1_163' title='bbox 722 3182 956 3277; x_wconf 87' lang='lat' dir='ltr'><strong>major</strong></span> <span class='ocrx_word' id='word_1_164' title='bbox 982 3192 1097 3255; x_wconf 85' lang='lat' dir='ltr'><strong>est</strong></span> <span class='ocrx_word' id='word_1_165' title='bbox 1130 3182 1379 3256; x_wconf 79' lang='lat' dir='ltr'><strong>nihilo,</strong></span> 
     </span>
    </p>

    <p class='ocr_par' dir='ltr' id='par_1_6' title="bbox 321 3295 2395 4501">
     <span class='ocr_line' id='line_1_25' title="bbox 424 3295 2391 3393; baseline 0.003 -26"><span class='ocrx_word' id='word_1_166' title='bbox 424 3295 762 3392; x_wconf 86' lang='lat' dir='ltr'><strong>Exempli</strong></span> <span class='ocrx_word' id='word_1_167' title='bbox 803 3295 1081 3393; x_wconf 85' lang='lat' dir='ltr'><strong>gratia:</strong></span> <span class='ocrx_word' id='word_1_168' title='bbox 1134 3307 1597 3392; x_wconf 84' lang='lat' dir='ltr'><strong>exponantur</strong></span> <span class='ocrx_word' id='word_1_169' title='bbox 1695 3316 1792 3373; x_wconf 87' lang='lat'><strong>81.</strong></span> <span class='ocrx_word' id='word_1_170' title='bbox 1874 3312 1972 3375; x_wconf 85' lang='lat'><strong>27.</strong></span> <span class='ocrx_word' id='word_1_171' title='bbox 2053 3317 2110 3374; x_wconf 88' lang='lat'><strong>9.</strong></span> <span class='ocrx_word' id='word_1_172' title='bbox 2194 3316 2250 3373; x_wconf 90' lang='lat'><strong>3.</strong></span> <span class='ocrx_word' id='word_1_173' title='bbox 2340 3317 2391 3372; x_wconf 93' lang='lat'><strong>1.</strong></span> 
     </span>
     <span class='ocr_line' id='line_1_26' title="bbox 322 3407 2391 3506; baseline -0 -25"><span class='ocrx_word' id='word_1_174' title='bbox 322 3409 399 3482; x_wconf 92' lang='lat' dir='ltr'><strong>in</strong></span> <span class='ocrx_word' id='word_1_175' title='bbox 438 3409 770 3506; x_wconf 87' lang='lat' dir='ltr'><strong>margine</strong></span> <span class='ocrx_word' id='word_1_176' title='bbox 816 3408 1094 3482; x_wconf 81' lang='lat' dir='ltr'><strong>eaedem</strong></span> <span class='ocrx_word' id='word_1_177' title='bbox 1147 3407 1596 3505; x_wconf 87' lang='lat' dir='ltr'><strong>magnitudi-</strong></span> <span class='ocrx_word' id='word_1_178' title='bbox 1734 3409 1791 3465; x_wconf 86' lang='lat'><strong>2.</strong></span> <span class='ocrx_word' id='word_1_179' title='bbox 1922 3409 1972 3466; x_wconf 92' lang='lat'><strong>1.</strong></span> <span class='ocrx_word' id='word_1_180' title='bbox 2054 3410 2111 3466; x_wconf 90' lang='lat'><strong>0·</strong></span> <span class='ocrx_word' id='word_1_181' title='bbox 2202 3410 2252 3465; x_wconf 93' lang='lat'><strong>1.</strong></span> <span class='ocrx_word' id='word_1_182' title='bbox 2332 3409 2391 3466; x_wconf 83' lang='lat'><strong>2.</strong></span> 
     </span>
     <span class='ocr_line' id='line_1_27' title="bbox 321 3521 2394 3620; baseline 0.001 -26"><span class='ocrx_word' id='word_1_183' title='bbox 321 3544 452 3594; x_wconf 90' lang='lat' dir='ltr'><strong>nes</strong></span> <span class='ocrx_word' id='word_1_184' title='bbox 485 3521 1104 3620; x_wconf 87' lang='lat' dir='ltr'><strong>proportionales:</strong></span> <span class='ocrx_word' id='word_1_185' title='bbox 1140 3534 1214 3596; x_wconf 89' lang='lat' dir='ltr'><strong>et</strong></span> <span class='ocrx_word' id='word_1_186' title='bbox 1249 3522 1419 3619; x_wconf 91' lang='lat' dir='ltr'><strong>quia</strong></span> <span class='ocrx_word' id='word_1_187' title='bbox 1450 3522 1641 3595; x_wconf 90' lang='lat' dir='ltr'><strong>ratio</strong></span> <span class='ocrx_word' id='word_1_188' title='bbox 1678 3530 1765 3597; x_wconf 89' lang='grc'><strong>81</strong></span> <span class='ocrx_word' id='word_1_189' title='bbox 1808 3523 1904 3596; x_wconf 91' lang='lat' dir='ltr'><strong>ad</strong></span> <span class='ocrx_word' id='word_1_190' title='bbox 1936 3531 1983 3596; x_wconf 89' lang='lat'>9</span> <span class='ocrx_word' id='word_1_191' title='bbox 2020 3522 2394 3620; x_wconf 90' lang='lat' dir='ltr'><strong>duplicata</strong></span> 
     </span>
     <span class='ocr_line' id='line_1_28' title="bbox 325 3634 2392 3731; baseline 0.002 -26"><span class='ocrx_word' id='word_1_192' title='bbox 325 3643 435 3706; x_wconf 87' lang='lat' dir='ltr'><strong>est</strong></span> <span class='ocrx_word' id='word_1_193' title='bbox 466 3635 769 3708; x_wconf 90' lang='lat' dir='ltr'><strong>rationis</strong></span> <span class='ocrx_word' id='word_1_194' title='bbox 806 3637 899 3718; x_wconf 80' lang='lat'><strong>27</strong></span> <span class='ocrx_word' id='word_1_195' title='bbox 935 3634 1032 3708; x_wconf 88' lang='lat' dir='ltr'><strong>ad</strong></span> <span class='ocrx_word' id='word_1_196' title='bbox 1064 3642 1138 3724; x_wconf 89' lang='lat'><strong>9,</strong></span> <span class='ocrx_word' id='word_1_197' title='bbox 1175 3635 1309 3708; x_wconf 88' lang='lat' dir='ltr'><strong>sub</strong></span> <span class='ocrx_word' id='word_1_198' title='bbox 1348 3643 1433 3708; x_wconf 87' lang='lat'><strong>81</strong></span> <span class='ocrx_word' id='word_1_199' title='bbox 1476 3648 1796 3731; x_wconf 88' lang='lat' dir='ltr'><strong>ponatur</strong></span> <span class='ocrx_word' id='word_1_200' title='bbox 1845 3645 1938 3721; x_wconf 79' lang='lat'><strong>23</strong></span> <span class='ocrx_word' id='word_1_201' title='bbox 1992 3647 2068 3709; x_wconf 91' lang='lat' dir='ltr'><strong>et</strong></span> <span class='ocrx_word' id='word_1_202' title='bbox 2116 3637 2252 3709; x_wconf 91' lang='lat' dir='ltr'><strong>sub</strong></span> <span class='ocrx_word' id='word_1_203' title='bbox 2294 3640 2392 3718; x_wconf 83' lang='lat'><strong>27</strong></span> 
     </span>
     <span class='ocr_line' id='line_1_29' title="bbox 324 3747 2393 3844; baseline 0.002 -26"><span class='ocrx_word' id='word_1_204' title='bbox 324 3759 641 3841; x_wconf 88' lang='lat' dir='ltr'><strong>ponatur</strong></span> <span class='ocrx_word' id='word_1_205' title='bbox 684 3756 746 3836; x_wconf 93' lang='lat' dir='ltr'><strong>l,</strong></span> <span class='ocrx_word' id='word_1_206' title='bbox 782 3772 947 3843; x_wconf 89' lang='lat' dir='ltr'><strong>quae</strong></span> <span class='ocrx_word' id='word_1_207' title='bbox 982 3747 1399 3843; x_wconf 88' lang='lat' dir='ltr'><strong>significent</strong></span> <span class='ocrx_word' id='word_1_208' title='bbox 1433 3747 1878 3844; x_wconf 86' lang='lat' dir='ltr'><strong>duplicatam</strong></span> <span class='ocrx_word' id='word_1_209' title='bbox 1923 3750 2284 3822; x_wconf 88' lang='lat' dir='ltr'><strong>rationem</strong></span> <span class='ocrx_word' id='word_1_210' title='bbox 2319 3757 2393 3821; x_wconf 89' lang='lat' dir='ltr'><strong>et</strong></span> 
     </span>
     <span class='ocr_line' id='line_1_30' title="bbox 323 3861 2391 3958; baseline 0.002 -28"><span class='ocrx_word' id='word_1_211' title='bbox 323 3882 547 3931; x_wconf 87' lang='lat' dir='ltr'><strong>unam</strong></span> <span class='ocrx_word' id='word_1_212' title='bbox 615 3861 1014 3944; x_wconf 87' lang='lat' dir='ltr'><strong>rationem;</strong></span> <span class='ocrx_word' id='word_1_213' title='bbox 1082 3873 1400 3957; x_wconf 89' lang='lat' dir='ltr'><strong>ponatur</strong></span> <span class='ocrx_word' id='word_1_214' title='bbox 1466 3873 1715 3935; x_wconf 91' lang='lat' dir='ltr'><strong>autem</strong></span> <span class='ocrx_word' id='word_1_215' title='bbox 1783 3863 2061 3958; x_wconf 82' lang='lat' dir='ltr'><strong>cyphra</strong></span> <span class='ocrx_word' id='word_1_216' title='bbox 2128 3863 2263 3935; x_wconf 87' lang='lat' dir='ltr'><strong>sub</strong></span> <span class='ocrx_word' id='word_1_217' title='bbox 2317 3869 2391 3951; x_wconf 87' lang='lat'><strong>9,</strong></span> 
     </span>
     <span class='ocr_line' id='line_1_31' title="bbox 324 3974 2395 4073; baseline 0.001 -29"><span class='ocrx_word' id='word_1_218' title='bbox 324 3984 711 4068; x_wconf 89' lang='lat' dir='ltr'><strong>propterea</strong></span> <span class='ocrx_word' id='word_1_219' title='bbox 745 3977 941 4068; x_wconf 90' lang='lat' dir='ltr'><strong>quod</strong></span> <span class='ocrx_word' id='word_1_220' title='bbox 974 3975 1164 4048; x_wconf 89' lang='lat' dir='ltr'><strong>ratio</strong></span> <span class='ocrx_word' id='word_1_221' title='bbox 1197 3983 1244 4048; x_wconf 89' lang='lat'>9</span> <span class='ocrx_word' id='word_1_222' title='bbox 1280 3975 1375 4049; x_wconf 91' lang='lat' dir='ltr'><strong>ad</strong></span> <span class='ocrx_word' id='word_1_223' title='bbox 1409 3983 1456 4047; x_wconf 94' lang='lat'>9</span> <span class='ocrx_word' id='word_1_224' title='bbox 1479 3975 1850 4073; x_wconf 87' lang='lat' dir='ltr'><strong>quantitas</strong></span> <span class='ocrx_word' id='word_1_225' title='bbox 1884 3999 2036 4048; x_wconf 94' lang='lat' dir='ltr'><strong>non</strong></span> <span class='ocrx_word' id='word_1_226' title='bbox 2070 3987 2206 4048; x_wconf 88' lang='lat' dir='ltr'><strong>est.</strong></span> <span class='ocrx_word' id='word_1_227' title='bbox 2281 3974 2395 4047; x_wconf 86' lang='lat' dir='ltr'><strong>Si-</strong></span> 
     </span>
     <span class='ocr_line' id='line_1_32' title="bbox 326 4085 2393 4185; baseline 0.001 -28"><span class='ocrx_word' id='word_1_228' title='bbox 326 4085 595 4159; x_wconf 88' lang='lat' dir='ltr'><strong>militer</strong></span> <span class='ocrx_word' id='word_1_229' title='bbox 628 4086 762 4158; x_wconf 90' lang='lat' dir='ltr'><strong>sub</strong></span> <span class='ocrx_word' id='word_1_230' title='bbox 808 4096 836 4158; x_wconf 89' lang='lat' dir='ltr'><strong>l</strong></span> <span class='ocrx_word' id='word_1_231' title='bbox 878 4099 1196 4182; x_wconf 90' lang='lat' dir='ltr'><strong>ponatur</strong></span> <span class='ocrx_word' id='word_1_232' title='bbox 1228 4098 1299 4177; x_wconf 81' lang='lat'><strong>2,</strong></span> <span class='ocrx_word' id='word_1_233' title='bbox 1336 4100 1411 4162; x_wconf 90' lang='lat' dir='ltr'><strong>et</strong></span> <span class='ocrx_word' id='word_1_234' title='bbox 1446 4090 1580 4162; x_wconf 91' lang='lat' dir='ltr'><strong>sub</strong></span> <span class='ocrx_word' id='word_1_235' title='bbox 1619 4098 1662 4162; x_wconf 90' lang='lat'><strong>3</strong></span> <span class='ocrx_word' id='word_1_236' title='bbox 1697 4099 2014 4185; x_wconf 88' lang='lat' dir='ltr'><strong>ponatur</strong></span> <span class='ocrx_word' id='word_1_237' title='bbox 2057 4096 2117 4161; x_wconf 91' lang='lat'><strong>1.</strong></span> <span class='ocrx_word' id='word_1_238' title='bbox 2170 4087 2393 4160; x_wconf 90' lang='lat' dir='ltr'><strong>Vides</strong></span> 
     </span>
     <span class='ocr_line' id='line_1_33' title="bbox 325 4197 2392 4296; baseline 0.002 -27"><span class='ocrx_word' id='word_1_239' title='bbox 325 4197 570 4293; x_wconf 87' lang='lat' dir='ltr'><strong>itaque</strong></span> <span class='ocrx_word' id='word_1_240' title='bbox 623 4199 982 4271; x_wconf 91' lang='lat' dir='ltr'><strong>rationem</strong></span> <span class='ocrx_word' id='word_1_241' title='bbox 1027 4207 1113 4274; x_wconf 84' lang='lat'><strong>81</strong></span> <span class='ocrx_word' id='word_1_242' title='bbox 1159 4201 1253 4273; x_wconf 88' lang='lat' dir='ltr'><strong>ad</strong></span> <span class='ocrx_word' id='word_1_243' title='bbox 1292 4203 1332 4273; x_wconf 88' lang='lat'>9</span> <span class='ocrx_word' id='word_1_244' title='bbox 1383 4200 1604 4296; x_wconf 92' lang='lat' dir='ltr'><strong>duplo</strong></span> <span class='ocrx_word' id='word_1_245' title='bbox 1659 4202 2013 4296; x_wconf 89' lang='lat' dir='ltr'><strong>majorem</strong></span> <span class='ocrx_word' id='word_1_246' title='bbox 2067 4223 2223 4273; x_wconf 88' lang='lat' dir='ltr'><strong>esse</strong></span> <span class='ocrx_word' id='word_1_247' title='bbox 2276 4224 2392 4273; x_wconf 90' lang='lat' dir='ltr'><strong>ra·</strong></span> 
     </span>
     <span class='ocr_line' id='line_1_34' title="bbox 326 4311 2393 4407; baseline 0.001 -23"><span class='ocrx_word' id='word_1_248' title='bbox 326 4311 528 4384; x_wconf 89' lang='lat' dir='ltr'><strong>tione</strong></span> <span class='ocrx_word' id='word_1_249' title='bbox 561 4316 658 4393; x_wconf 86' lang='lat'><strong>27</strong></span> <span class='ocrx_word' id='word_1_250' title='bbox 694 4311 789 4383; x_wconf 92' lang='lat' dir='ltr'><strong>ad</strong></span> <span class='ocrx_word' id='word_1_251' title='bbox 822 4319 896 4399; x_wconf 93' lang='lat'><strong>9,</strong></span> <span class='ocrx_word' id='word_1_252' title='bbox 931 4313 1101 4407; x_wconf 91' lang='lat' dir='ltr'><strong>quia</strong></span> <span class='ocrx_word' id='word_1_253' title='bbox 1132 4315 1452 4387; x_wconf 88' lang='lat' dir='ltr'><strong>rationes</strong></span> <span class='ocrx_word' id='word_1_254' title='bbox 1504 4314 1648 4387; x_wconf 84' lang='lat' dir='ltr'><strong>illae</strong></span> <span class='ocrx_word' id='word_1_255' title='bbox 1701 4322 1872 4386; x_wconf 89' lang='lat' dir='ltr'><strong>sunt</strong></span> <span class='ocrx_word' id='word_1_256' title='bbox 1925 4312 2222 4388; x_wconf 79' lang='lat' dir='ltr'><strong>ut&#39;duae</strong></span> <span class='ocrx_word' id='word_1_257' title='bbox 2276 4338 2393 4387; x_wconf 91' lang='lat' dir='ltr'><strong>ra-</strong></span> 
     </span>
     <span class='ocr_line' id='line_1_35' title="bbox 328 4423 2391 4501; baseline 0.002 -5"><span class='ocrx_word' id='word_1_258' title='bbox 328 4423 566 4497; x_wconf 91' lang='lat' dir='ltr'><strong>tiones</strong></span> <span class='ocrx_word' id='word_1_259' title='bbox 626 4446 964 4498; x_wconf 85' lang='lat' dir='ltr'><strong>excessus</strong></span> <span class='ocrx_word' id='word_1_260' title='bbox 1023 4425 1119 4499; x_wconf 90' lang='lat' dir='ltr'><strong>ad</strong></span> <span class='ocrx_word' id='word_1_261' title='bbox 1168 4450 1432 4500; x_wconf 90' lang='lat' dir='ltr'><strong>unam:</strong></span> <span class='ocrx_word' id='word_1_262' title='bbox 1486 4425 1667 4500; x_wconf 92' lang='lat' dir='ltr'><strong>item</strong></span> <span class='ocrx_word' id='word_1_263' title='bbox 1726 4425 2083 4499; x_wconf 90' lang='lat' dir='ltr'><strong>rationem</strong></span> <span class='ocrx_word' id='word_1_264' title='bbox 2127 4436 2154 4500; x_wconf 94' lang='lat' dir='ltr'><strong>l</strong></span> <span class='ocrx_word' id='word_1_265' title='bbox 2199 4427 2293 4500; x_wconf 91' lang='lat' dir='ltr'><strong>ad</strong></span> <span class='ocrx_word' id='word_1_266' title='bbox 2344 4436 2391 4501; x_wconf 90' lang='lat'>9</span> 
     </span>
    </p>

    <p class='ocr_par' dir='ltr' id='par_1_7' title="bbox 2015 4562 2194 4614">
     <span class='ocr_line' id='line_1_36' title="bbox 2015 4562 2194 4614; baseline -0.011 -1"><span class='ocrx_word' id='word_1_267' title='bbox 2015 4562 2061 4612; x_wconf 81' lang='lat' dir='ltr'><strong>F</strong></span> <span class='ocrx_word' id='word_1_268' title='bbox 2085 4563 2130 4614; x_wconf 81' lang='lat' dir='ltr'><strong>F</strong></span> <span class='ocrx_word' id='word_1_269' title='bbox 2163 4564 2194 4610; x_wconf 78' lang='lat'>2</span> 
     </span>
    </p>
   </div>
   <div class='ocr_carea' id='block_1_3' title="bbox 2447 716 2764 820">
    <p class='ocr_par' dir='ltr' id='par_1_8' title="bbox 2447 716 2764 820">
     <span class='ocr_line' id='line_1_37' title="bbox 2447 716 2764 758; baseline -0.003 0"><span class='ocrx_word' id='word_1_270' title='bbox 2447 717 2582 758; x_wconf 78' lang='lat' dir='ltr'><strong>OAP.</strong></span> <span class='ocrx_word' id='word_1_271' title='bbox 2613 716 2764 757; x_wconf 86' lang='lat' dir='ltr'><strong>xvn.</strong></span> 
     </span>
     <span class='ocr_line' id='line_1_38' title="bbox 2461 785 2746 820; baseline -0.004 -11"><span class='ocrx_word' id='word_1_272' title='bbox 2461 785 2746 820; x_wconf 36' lang='lat' dir='ltr'><strong>ffi-r--ae</strong></span> 
     </span>
    </p>
   </div>
   <div class='ocr_carea' id='block_1_4' title="bbox 2439 841 2779 1018">
    <p class='ocr_par' dir='ltr' id='par_1_9' title="bbox 2439 841 2779 1018">
     <span class='ocr_line' id='line_1_39' title="bbox 2439 841 2761 901; baseline 0 -15"><span class='ocrx_word' id='word_1_273' title='bbox 2439 841 2683 901; x_wconf 68' lang='lat' dir='ltr'><strong>Responsio</strong></span> <span class='ocrx_word' id='word_1_274' title='bbox 2703 842 2761 886; x_wconf 75' lang='lat' dir='ltr'><strong>ad</strong></span> 
     </span>
     <span class='ocr_line' id='line_1_40' title="bbox 2439 909 2779 966; baseline 0.006 -16"><span class='ocrx_word' id='word_1_275' title='bbox 2439 909 2641 965; x_wconf 62' lang='lat' dir='ltr'><strong>quadum</strong></span> <span class='ocrx_word' id='word_1_276' title='bbox 2658 921 2779 966; x_wconf 72' lang='lat' dir='ltr'><strong>quo-</strong></span> 
     </span>
     <span class='ocr_line' id='line_1_41' title="bbox 2441 972 2702 1018; baseline 0 -1"><span class='ocrx_word' id='word_1_277' title='bbox 2441 973 2527 1018; x_wconf 69' lang='lat' dir='ltr'><strong>sita</strong></span> <span class='ocrx_word' id='word_1_278' title='bbox 2544 972 2702 1017; x_wconf 70' lang='lat' dir='ltr'><strong>Cluvii.</strong></span> 
     </span>
    </p>
   </div>
  </div>
 </body>
</html>
