3094 5125
706 476 841 541 132
1130 486 1673 539 nxAmNA'l-lo
1712 488 1816 539 m·
1855 485 2350 539 ΕΜΕΝοΑτ-Ῑο

317 684 620 726 munaus
702 656 982 729 duabus
1017 655 1159 729 illis
1193 656 1603 729 rationibus
1638 656 1856 729 simul
1888 655 2222 751 sumptis.
2297 654 2555 747 Itaque
2591 675 2802 724 com-

329 836 338 851 ,
445 766 526 806 Ν·
609 835 618 849 ,
701 770 968 866 positio
1039 770 1406 842 rationum
1477 781 1589 842 est
1646 770 2014 842 rationum
2068 769 2284 840 unius
2335 765 2430 838 ad
2483 764 2802 837 alteram

702 883 1013 972 additio,
1048 894 1132 955 ut
1167 906 1389 978 supra
1425 896 1800 956 ostensum
1835 895 1970 956 est.
2077 881 2324 956 Quare
2359 879 2800 974 compositio

704 997 1071 1070 rationum
1108 995 1199 1068 de
1235 1021 1382 1092 qua
1408 997 1528 1069 hic
1559 996 1885 1092 loquitur
1913 994 2275 1081 Euclides,
2298 1006 2411 1068 est
2432 993 2801 1088 ipsissima

704 1109 1072 1182 rationum
1105 1110 1322 1183 unius
1360 1110 1456 1184 ad
1491 1110 1796 1183 alteram
1832 1109 2137 1182 additio.

809 1221 907 1294 B.
962 1223 1582 1297 Manifestissime.
1714 1223 2019 1297 Additio
2092 1234 2341 1295 tamen
2414 1220 2580 1293 haec
2668 1243 2807 1317 per

706 1336 1402 1432 multiplicationem
1437 1338 1837 1434 perficitur.

810 1447 908 1522 A.
962 1450 1271 1534 Verum;
1327 1463 1405 1523 at
1449 1476 1602 1524 non
1651 1474 1784 1546 per
1826 1448 2512 1545 multiplicationem
2570 1446 2799 1520 ratio-

705 1587 909 1648 num,
946 1562 1076 1635 sed
1110 1585 1243 1658 per
1278 1563 1962 1659 multiplicationem
1996 1563 2501 1635 terminorum.
2621 1560 2801 1633 Ter-

707 1676 890 1749 mini
949 1687 1194 1749 autem
1249 1700 1395 1748 non
1452 1688 1627 1749 sunt
1680 1675 2038 1762 rationes,
2075 1675 2152 1748 id
2199 1685 2313 1747 est
2361 1673 2799 1762 relationes,

709 1789 839 1863 sed
875 1787 1274 1878 carreiam,
1313 1813 1493 1886 quas
1527 1787 1868 1861 Euclides
1919 1788 2041 1862 hic
2075 1787 2396 1883 appellat
2428 1788 2800 1861 rationum

709 1903 1188 2003 quantitates,

814 2017 911 2090 B.
967 2019 1084 2090 Ita
1119 2030 1252 2089 est.

813 2131 911 2204 A.
966 2132 1068 2204 At
1141 2131 1514 2204 Wallisius
1596 2131 1754 2204 haec
1825 2154 1976 2202 non
2051 2128 2419 2224 intelligit,
2505 2140 2593 2200 ut
2669 2151 2799 2224 per

710 2245 1045 2341 proxima
1128 2246 1284 2338 ejus
1352 2245 1580 2317 verba
1662 2242 2047 2315 manifeste
2117 2240 2551 2337 apparebit3
2630 2253 2796 2314 sunt

712 2368 962 2429 autem
1003 2355 1162 2428 haec
1192 2355 1526 2440 z—Quid
1555 2379 1711 2452 per
1759 2355 2129 2427 rationum
2173 2352 2637 2451 quantitates
2690 2353 2798 2426 in-

713 2467 997 2568 telligit
1051 2467 1408 2540 Euclides
1462 2493 1603 2542 non
1650 2468 1846 2542 inter
1901 2468 2355 2566 interpretes
2411 2468 2743 2540 convenit
2768 2494 2796 2550 ,-

715 2608 878 2655 num
930 2582 1222 2655 scilieet
1271 2582 1474 2680 ipsos
1518 2583 1890 2671 terminos,
1946 2608 2108 2655 num
2158 2583 2360 2680 quod
2408 2608 2504 2655 ex
2555 2607 2802 2655 eorum

716 2696 1279 2795 comparatione
1346 2696 2006 2793 provenit-Quae
2084 2695 2526 2791 proveniunt
2605 2696 2800 2787 inde,

716 2832 1006 2905 nempe,
1042 2834 1088 2882 a
1122 2808 1735 2905 multiplicatione
1782 2809 2266 2882 terminorum
2311 2809 2386 2881 in
2423 2810 2801 2897 terminos»,

719 2922 996 2995 habent
1050 2920 1346 3017 quidem
1392 2920 1755 2994 rationem
1803 2946 1894 2994 ex
1939 2921 2338 3017 propositis
2391 2921 2803 2995 rationibus

720 3034 1249 3131 compositam;
1305 3036 1603 3108 termini
1640 3046 1886 3108 autem
1937 3035 2306 3108 rationum
2361 3059 2805 3131 componen-

719 3148 978 3221 darum
1013 3172 1171 3221 esse
1208 3173 1357 3221 non
1392 3160 1723 3244 possunt.

823 3262 919 3335 B.
975 3262 1314 3336 Profecto
1349 3262 1733 3335 Euclidem
1766 3261 1907 3334 hoc
1949 3260 2114 3334 loco
2149 3263 2519 3358 professor
2552 3270 2809 3333 noster

719 3398 870 3447 non
931 3375 1309 3448 intellexit.
1452 3376 1739 3472 Neque,
1808 3373 2055 3464 cred0,
2124 3376 2513 3448 authorem
2573 3374 2807 3448 ullum

720 3487 907 3560 vidit
966 3489 1092 3583 qui
1161 3489 1615 3585 quantitates
1686 3488 2053 3561 rationum
2124 3511 2212 3560 eo
2280 3487 2501 3561 modo
2577 3488 2809 3561 inter-

720 3612 1050 3697 pretatus
1085 3603 1202 3676 sit.

822 3713 919 3787 A.
976 3713 1179 3786 Alias
1215 3737 1507 3810 quoque
1544 3712 2028 3786 animadverti
2077 3736 2269 3803 eum,
2307 3737 2471 3809 quae
2517 3712 2808 3808 scripsit

723 3826 1064 3898 dubitans
1100 3849 1194 3898 an
1230 3840 1475 3900 essent
1509 3850 1685 3899 vera
1729 3849 1985 3911 necne,
2036 3826 2488 3923 quibusdam,
2546 3827 2623 3901 id
2669 3839 2807 3917 est,

722 3938 1149 4013 authoribus
1209 3939 1619 4035 anonymiS,
1683 3937 2078 4011 individuis
2121 3939 2324 4035 vagis
2380 3941 2806 4014 attribuere.

725 4053 872 4126 Sed
907 4052 1085 4148 quid
1119 4052 1253 4125 tibi
1280 4052 1573 4125 videtur
1607 4053 1843 4125 oratio
1877 4052 2085 4125 haec:
2156 4052 2530 4126 Utrumvis
2564 4065 2810 4128 autem

724 4166 1049 4256 dicatur,
1107 4165 1431 4263 perinde
1493 4175 1656 4238 est:
1697 4175 1921 4264 puta,
1983 4165 2052 4237 si
2103 4166 2422 4241 rationis
2468 4167 2536 4239 A
2583 4167 2693 4239 ad
2746 4166 2806 4238 B

722 4280 1013 4353 termini
1050 4279 1125 4352 in
1174 4278 1521 4353 terminos
1573 4279 1888 4352 rationis
1921 4319 1959 4354 a
1999 4277 2111 4351 ad
2150 4294 2195 4370 β
2231 4278 2648 4377 respective
2682 4279 2813 4353 du-

719 4403 1002 4483 cantur,
1037 4418 1294 4490 nempe
1328 4394 1392 4465 A
1432 4393 1507 4467 in
1543 4430 1609 4483 α,
1639 4394 1700 4466 Β
1739 4393 1813 4466 in
1846 4401 1913 4482 β,
1948 4402 2028 4465 ut
2049 4392 2451 4491 proveniat
2500 4394 2709 4466 ratio
2745 4395 2810 4466 A
