3094 5125
1073 514 1738 572 cnoMnTnAnuM.
2295 497 2442 575 407

365 711 522 761 esse
556 686 1042 760 curvitatem:
1097 695 1171 759 et
1202 682 1513 782 proinde
1566 696 1847 759 rectam
1884 683 2017 756 BD
2053 705 2221 755 cum
2266 703 2442 753 arcu
2509 706 2646 749 on.
2677 705 2811 749 vm.

367 801 513 875 ΒΜ
535 801 612 873 in
638 811 915 896 puncto
940 799 1000 871 B
1022 800 1472 874 constituere
1499 801 1852 898 angulum
1876 810 2183 873 rectum.
2236 797 2441 870 Fate-
2528 834 2597 879 D„
2615 832 2795 893 amb.

367 926 490 987 tur
524 913 720 987 enim
756 912 1053 986 Clavius
1085 912 1583 1009 longitudines
1616 914 1976 987 linearum
2018 912 2124 985 nil
2158 920 2445 984 mutare

365 1028 442 1099 in
466 1025 970 1123 magnitudine
995 1026 1247 1123 anguli
1270 1055 1287 1098 z
1326 1050 1461 1099 nec
1487 1027 1656 1101 ideo
1685 1027 2036 1123 angulum
2062 1035 2445 1098 contactus

369 1140 757 1236 quicquam
828 1139 1213 1214 detrahere
1269 1164 1315 1213 a
1369 1140 1875 1237 magnitudine
1943 1136 2193 1235 anguli
2260 1137 2448 1212 recti

366 1252 727 1326 rectilinei
761 1252 980 1325 DBL.

470 1364 814 1461 Sequitur
835 1365 1056 1438 etiam
1090 1365 1443 1461 angulum
1466 1377 1850 1439 contactus
1885 1388 2035 1438 non
2069 1388 2226 1439 esse
2260 1365 2446 1461 ejus-

369 1477 535 1551 dem
568 1479 860 1574 generis
896 1502 1062 1551 cum
1098 1479 1366 1575 angulo
1401 1480 1806 1568 rectilineo,
1834 1478 2029 1576 quod
2053 1491 2129 1552 et
2156 1479 2448 1552 Clavius

366 1591 640 1666 fatetur
670 1620 686 1663 z
743 1616 910 1664 cum
962 1592 1361 1665 curvitates
1399 1616 1701 1665 arcuum
1740 1593 2052 1690 aequales
2088 1616 2246 1665 esse
2279 1616 2450 1689 pos-

370 1717 541 1776 sunt
575 1716 777 1793 tunc‚
816 1704 1108 1799 quando
1144 1729 1356 1778 arcus
1385 1705 1526 1801 ipsi
1562 1718 1736 1779 sunt
1768 1705 2186 1801 inaequales.
2263 1705 2450 1778 Haec

370 1816 505 1888 tibi
538 1817 714 1890 satis
747 1817 1133 1913 perspicue
1160 1830 1342 1912 puto
1369 1817 1749 1913 explicavi.
1856 1818 1986 1890 Sin
2014 1830 2453 1913 argumenta

374 1928 604 2001 Clavii
665 1942 926 2002 contra
985 1929 1452 2002 Pelletarium
1520 1953 1897 2003 assensum
1952 1941 2162 2002 tuum
2229 1930 2451 2005 etiam

370 2067 567 2116 nunc
600 2043 1030 2140 impediant,
1065 2043 1321 2117 tollam
1356 2066 1444 2116 ea
1476 2066 1646 2116 cum
1679 2044 1870 2116 istuc
1903 2066 2200 2117 venero.

1210 2416 1420 2491 CAP.
1474 2416 1607 2490 IX.

1169 2590 1277 2641 DE
1318 2590 1656 2643 FIGURA.

376 2718 832 2790 Dnmm'rlo
904 2717 1192 2790 decima
1246 2718 1487 2807 tertia,
1559 2741 1847 2814 nempe,
1918 2718 2273 2791 terminus
2341 2728 2458 2791 est

376 2831 576 2928 quod
628 2828 950 2925 alicujus
1007 2838 1404 2902 eoetremum
1456 2840 1595 2917 est,
1642 2855 1804 2905 sera
1850 2831 2098 2903 venit:
2153 2856 2320 2904 cum
2378 2832 2459 2904 in

375 2944 600 3016 tertia
634 2953 710 3014 et
744 2953 949 3015 sexta
1004 2940 1405 3015 definiisset
1450 2943 1805 3017 terminos
1845 2942 2058 3015 lineae
2092 2956 2168 3018 et
2202 2966 2459 3040 super-

377 3057 569 3130 ficiei
604 3079 761 3129 esse
796 3068 1092 3150 puncta.

477 3173 826 3248 Definitio
863 3171 1148 3245 decima
1179 3182 1461 3268 quarta,
1490 3174 1769 3271 figura
1828 3183 1943 3246 est
1990 3200 2155 3272 quoe
2210 3173 2461 3271 aliquo

375 3288 496 3362 vel
550 3284 926 3384 aliquibus
997 3285 1334 3357 terminis
1401 3285 2067 3383 comprehenditur.
2183 3288 2459 3363 Quaero

377 3402 498 3475 hic
552 3401 815 3496 prim0,
852 3398 948 3472 ad
992 3422 1213 3496 quam
1255 3421 1517 3471 vocem
1573 3422 1989 3495 expressam
2022 3401 2142 3473 vel
2194 3402 2461 3474 subau-

382 3514 606 3586 ditam
670 3512 989 3586 refertur
1038 3536 1184 3585 vox
1234 3511 1545 3585 relativa
1578 3538 1767 3610 quoe.
1874 3515 1952 3588 Si
2003 3515 2320 3588 refertur
2365 3514 2463 3587 ad

381 3628 715 3723 figuram,
755 3628 1084 3701 definitio
1121 3626 1262 3698 erit
1300 3627 1595 3724 (figura
1629 3636 1741 3699 est
1773 3629 2051 3726 figura
2100 3654 2265 3725 quoe
2318 3626 2462 3700 ali-

382 3765 547 3837 que,
575 3745 750 3832 etc.)
790 3741 1071 3813 vitiosa.
1178 3739 1308 3812 Sin
1353 3737 1449 3812 ad
1481 3764 1739 3812 vocem
1794 3743 2246 3841 magnitude,
2301 3754 2463 3814 tum

385 3852 712 3926 definitio
781 3853 949 3925 talis
1002 3853 1186 3925 erit:
1248 3852 1545 3950 Figura
1613 3863 1728 3925 est
1792 3854 2227 3952 magnitudo
2296 3878 2463 3953 qua:

385 3965 639 4062 aliquo
670 3963 788 4036 vel
829 3963 1195 4061 aliquibus
1242 3965 1576 4037 terminis
1611 3965 2294 4064 comprehenditur:
2344 3965 2464 4038 vel

383 4078 702 4166 breviUS,
737 4079 1012 4174 figura
1057 4087 1171 4150 est
1217 4079 1649 4176 magnitudo
1698 4080 2168 4177 undiquaque
2198 4078 2461 4176 finita.

389 4192 578 4266 Quae
614 4191 908 4287 quidem
946 4189 1275 4264 definitio
1313 4203 1422 4264 est
1455 4191 1808 4289 legitima.
1915 4192 2061 4266 Sed
2096 4192 2462 4289 quomodo

387 4304 729 4378 excludet
762 4303 853 4376 ab
888 4303 1026 4375 hac
1063 4302 1486 4379 definitione
1516 4306 1807 4379 Clavius
1833 4306 2115 4379 finitam
2140 4306 2460 4380 lineam?

389 4420 607 4493 Dicet
653 4417 989 4506 fortasse,
1023 4416 1291 4490 lineam
1329 4440 1493 4514 quae
1556 4417 1939 4517 longitudo
2000 4428 2280 4493 tantum
2324 4429 2460 4510 est,
