3094 5125
1057 536 1731 590 GROMETRARUM.
2279 524 2424 588 445

354 700 704 801 angulum
735 701 1190 777 rectilineum
1224 713 1513 778 acutum
1547 703 1897 777 minorem
1921 700 2198 801 angulo
2224 702 2432 775 semi-
2509 730 2644 771 on.
2667 730 2798 769 x1x.

353 813 621 888 circuli
642 843 672 898 ,·
741 825 823 888 at
891 841 1061 889 vero
1129 841 1287 889 cum
1342 818 1494 905 AE,
1556 815 1908 915 angulum
1974 815 2432 889 rectilineum
2459 798 2797 915 Ρωῖηᾷζῖ

353 938 641 1002 acutum
706 931 1056 1025 majorem
1115 929 1390 1028 angulo
1442 930 1968 1028 contingentice
1993 956 2021 1002 .·
2089 954 2248 1002 cum
2304 928 2434 1002 ille
2457 924 2799 1040 (ὲζζζῗζζῖξο

356 1042 460 1115 eit
502 1064 706 1139 par-s·
743 1042 1007 1141 anguli
1057 1042 1520 1133 semicirculi,
1557 1042 1679 1115 hic
1728 1068 1900 1116 vero
1947 1052 2170 1117 totum
2217 1044 2435 1142 quid-

347 1155 569 1252 piam
637 1166 981 1253 respectu
1041 1156 1310 1254 anguli
1377 1156 1923 1254 contingentiae.
2075 1156 2187 1229 Id
2248 1156 2445 1253 quod

361 1267 649 1365 liquido
708 1278 1022 1357 constat,
1075 1268 1296 1343 ducta
1344 1279 1554 1343 recta
1611 1270 1767 1359 AB,
1810 1269 2440 1368 quomodocunque

360 1381 568 1479 infra
601 1383 754 1457 ΑΕ.
840 1380 1039 1457 Nam
1075 1408 1234 1456 cum
1268 1383 1429 1457 haec
1462 1382 1658 1456 linea
1689 1384 1818 1456 AB
1855 1384 2057 1457 intra
2092 1382 2440 1458 circulum

358 1495 609 1585 cadat,
648 1506 730 1569 ut
788 1495 1361 1570 demonstratum
1411 1506 1547 1585 eet,
1602 1497 1753 1569 erit
1799 1496 2122 1595 angula-s·
2157 1496 2439 1570 rectili-

359 1633 542 1682 neus
568 1620 830 1682 acutus
850 1610 1042 1683 (ΕΑΒ
1069 1611 1305 1683 minor
1329 1609 1609 1708 angulo
1634 1609 2084 1683 semicirculi
2110 1620 2442 1683 contento

366 1721 503 1795 sub
538 1723 904 1796 diametro
937 1723 1067 1797 AC
1102 1733 1175 1797 et
1221 1722 1824 1822 circumferentia
1859 1724 2077 1814 ABC,
2115 1748 2273 1797 cum
2311 1723 2444 1797 ille

370 1836 588 1932 hujus
622 1836 723 1908 sit
764 1859 989 1933 pars.
1094 1835 1447 1936 Angulue
1478 1860 1652 1909 vero
1700 1835 2239 1934 contingentiae,
2277 1860 2443 1908 con-

370 1960 610 2023 tentus
678 1947 812 2021 sub
873 1958 1228 2047 tangente
1264 1948 1461 2022 linea
1521 1948 1650 2020 ΑΕ
1704 1958 1779 2020 et
1846 1947 2446 2047 circumferentia

368 2062 586 2151 ABC,
639 2062 875 2135 minor
930 2061 1208 2159 angulo
1264 2060 1646 2135 rectilineo
1706 2071 1927 2135 acuto
1971 2062 2188 2151 ΒΑΕ,
2251 2061 2453 2160 quod

371 2175 500 2249 ille
532 2176 750 2272 hujus
782 2198 986 2273 pare
1022 2174 1145 2248 sit.

467 2292 797 2366 Assumit
830 2291 952 2365 hic
985 2291 1325 2365 Euclides
1370 2292 1722 2388 angulum
1759 2293 2217 2366 rectilineum
2255 2292 2448 2365 CAB

367 2417 654 2502 partem
690 2429 850 2478 esse
900 2405 1150 2501 anguli
1205 2405 1669 2493 semicirculi,
1706 2405 1783 2478 id
1819 2419 1955 2496 est,
1992 2407 2240 2503 anguli
2273 2406 2452 2480 facti

372 2542 417 2592 a
461 2529 666 2593 recta
714 2518 839 2592 CA
894 2528 968 2593 et
1028 2518 1621 2593 circumferentia
1653 2518 1833 2593 AB:
1886 2521 2064 2594 item
2099 2520 2451 2617 angulum

375 2631 901 2728 contingentiae
962 2644 1250 2728 partem
1304 2657 1460 2707 esse
1516 2633 1768 2730 anguli
1820 2634 2181 2708 rectilinei
2230 2634 2451 2707 EAB.

380 2745 529 2818 Sed
590 2769 677 2817 ex
749 2768 836 2817 eo
892 2746 1276 2819 manifeste
1338 2748 1691 2844 sequitur,
1747 2760 2062 2844 quatuor
2119 2746 2453 2843 angulos„

377 2882 665 2955 nempe,
686 2857 1140 2931 rectilineum
1194 2860 1410 2949 CAB,
1437 2861 1790 2956 angulum
1824 2860 2288 2944 semicirculi,
2324 2885 2456 2933 an-

378 2973 631 3069 gulum
686 2971 1232 3067 contingentiae,
1296 2986 1372 3046 et
1431 2974 1781 3069 angulum
1844 2987 2126 3047 rectum
2183 2973 2458 3047 rectili-

378 3111 625 3174 neum,
662 3109 816 3158 esse
853 3085 1181 3181 ejusdem
1213 3087 1525 3182 generiS,
1580 3086 1770 3160 sicut
1803 3100 2048 3183 partes
2084 3097 2158 3160 et
2190 3097 2452 3159 totum.

382 3199 484 3272 Et
551 3223 683 3296 per
753 3221 1204 3293 consequens
1272 3197 1621 3293 angulum
1686 3199 2213 3295 contingentiae
2297 3200 2461 3296 (per

384 3313 546 3386 Def.
581 3322 651 3402 5,
688 3312 915 3384 Elem.
946 3312 1024 3404 v)
1065 3311 1651 3408 multiplicatum,
1705 3336 1918 3408 posse
1952 3337 2296 3409 superare
2332 3338 2462 3386 an-

386 3427 639 3523 gulum
695 3439 977 3499 rectum
1025 3425 1503 3498 rectilineum.
1610 3425 2082 3499 Manifestum
2119 3428 2313 3500 enim
2351 3438 2464 3500 est

385 3551 671 3636 partem
725 3538 1192 3636 multiplicari
1238 3563 1475 3636 posse,
1513 3538 1751 3613 donec
1805 3563 2018 3613 suum
2062 3551 2303 3613 totum
2341 3563 2463 3612 su-

384 3663 612 3749 peret.
720 3651 1179 3725 Contradicit
1214 3675 1390 3747 ergo
1430 3652 1773 3725 Euclides
1823 3652 1997 3727 huic
2055 3652 2464 3726 definitioni

387 3790 538 3840 suae
593 3764 872 3862 quintae
924 3765 1285 3839 Elementi
1335 3765 1595 3863 quinti.
1703 3765 1889 3840 Cum
1935 3790 2110 3862 ergo
2155 3764 2465 3861 angulus

390 3889 775 3953 contactus
802 3890 879 3953 et
905 3878 1215 3974 angulus
1242 3877 1662 3952 rectilineus
1697 3880 1846 3952 sint
1875 3879 2141 3952 diversi
2175 3877 2466 3974 generis

391 3992 850 4088 quantitatiS,
884 3992 988 4064 ita
1021 4004 1102 4070 ut
1136 3991 1369 4065 altera
1402 3992 1708 4065 alteram
1743 3992 2226 4088 multiplicata
2253 4015 2467 4086 supe-

393 4129 555 4179 rare
601 4128 746 4177 non
800 4105 1055 4201 possit,
1099 4108 1215 4196 (ut
1249 4105 1404 4202 ipse
1441 4105 1737 4178 Clavius
1776 4106 2301 4196 demonstrat):
2337 4128 2466 4177 an-

392 4218 607 4315 gulus
644 4218 1165 4313 contingentiae
1214 4220 1501 4292 ablatus
1535 4219 1719 4292 nihil
1756 4218 2036 4291 auferet
2070 4220 2163 4292 ab
2200 4218 2466 4313 angulo

395 4341 599 4404 recto
636 4330 1035 4421 rectilineo,
1071 4355 1218 4404 non
1254 4332 1486 4428 magis
1531 4355 1751 4427 quam
1804 4332 1998 4405 linea
2050 4332 2296 4405 ablata
2343 4333 2466 4404 ali-

397 4444 576 4540 quid
641 4442 881 4518 aufert
933 4467 977 4517 a
1034 4444 1390 4541 quadrato
1449 4458 1580 4519 aut
1640 4445 2058 4541 superficies
2117 4469 2162 4518 a
2211 4444 2466 4518 solido.
