3094 5125
1106 510 1786 565 GEOMETRARUM.
2326 499 2464 563 421

388 671 936 768 magnitudine:
989 699 1160 748 nam
1197 675 1259 749 si
1306 701 1456 749 non
1505 689 1752 750 essent
1805 677 2311 774 aequiangulae,
2345 690 2476 753 aut
2560 706 2695 747 can».
2725 705 2837 747 ιιι.

387 808 538 858 non
573 787 932 861 haberent
965 788 1199 861 latera
1234 789 1431 863 circa
1454 791 1783 891 ‘aequales
1819 790 2129 886 angulos
2163 815 2472 888 propor-
2551 774 2838 880 m

386 898 713 988 tionalia,
753 924 901 972 non
939 913 1128 974 esset
1163 902 1358 975 inter
1392 926 1515 975 eas
1551 903 1700 976 ulla
1731 904 1989 999 figurae
2041 904 2468 979 similitudo.
2559 902 2819 948 ”mmm

382 1011 657 1085 Eadem
695 1037 871 1109 ergo
908 1028 1021 1088 est
1068 1016 1257 1089 ratio
1293 1017 1425 1089 AB
1472 1014 1569 1089 ad
1617 1017 1773 1106 DB,
1811 1041 1974 1113 quae
2010 1017 2137 1090 CA
2172 1017 2268 1090 ad
2318 1018 2468 1092 DF.

376 1125 534 1199 -Sed
568 1138 649 1199 ut
686 1127 817 1198 AB
851 1127 947 1200 ad
995 1128 1149 1217 BD,
1187 1129 1295 1201 ita
1330 1142 1624 1202 ostensa
1670 1143 1783 1203 est
1830 1153 1989 1203 esse
2027 1130 2153 1203 CA
2189 1130 2281 1203 ad
2317 1131 2466 1204 EC.

378 1241 576 1312 Sunt
634 1264 809 1335 ergo
864 1240 992 1313 DF
1035 1252 1112 1315 et
1159 1243 1282 1315 EC
1315 1243 1630 1339 aequales
1663 1270 1681 1315 ε
1736 1254 1812 1316 et
1855 1242 2166 1338 proinde
2209 1243 2468 1337 (ducta

383 1353 545 1446 DE)
587 1354 957 1449 triangula
989 1356 1212 1444 ADE,
1236 1356 1432 1429 ABC
1470 1367 1644 1430 sunt
1677 1356 1967 1429 similia.

376 1495 385 1503 ·
488 1467 602 1540 Ad
670 1467 1170 1541 definitionem
1240 1469 1455 1559 hanc,
1515 1469 2055 1566 propositiones
2092 1469 2235 1542 illae
2295 1494 2461 1567 quae

376 1591 792 1677 sequuntur
844 1581 921 1652 in
983 1582 1367 1656 Elemento
1417 1584 1698 1679 quinto,
1749 1581 1840 1654 de
1893 1582 2460 1678 permutatione,

381 1692 883 1782 conversione,
938 1695 1469 1791 compositione
1525 1707 1695 1784 etc„
1752 1696 2146 1784 rationum,
2203 1719 2460 1768 accur-

383 1817 598 1879 runt:
662 1819 737 1879 et
790 1806 885 1879 ad
931 1807 1170 1880 lucem
1223 1811 1380 1905 ejus
1428 1833 1682 1882 omnes
1733 1807 1887 1882 fere
1938 1833 2096 1882 sese
2159 1808 2463 1883 demon-

380 1930 641 1992 strant.
800 1919 1123 1993 Euclidis
1190 1935 1437 1994 autem
1501 1922 2164 1995 demonstrationes
2235 1921 2460 2017 duplo

382 2031 628 2127 plures
679 2044 875 2121 sunt,
935 2046 1325 2130 propterea
1378 2034 1575 2130 quod
1632 2035 1830 2107 idem
1895 2036 1972 2108 in
2040 2035 2461 2131 quantitate

383 2146 733 2219 continua
774 2147 1076 2220 seorsim
1110 2172 1154 2220 a
1188 2148 1510 2220 numeris
1545 2148 2001 2221 demonstrat
2031 2174 2050 2219 ε
2113 2157 2190 2221 et
2224 2147 2457 2222 multo

380 2259 749 2355 longiores
791 2284 1008 2356 quam
1066 2270 1227 2333 erat
1275 2284 1597 2350 necesse,
1654 2275 1956 2357 propter
2009 2261 2472 2334 sterilitatem

382 2372 834 2446 definitionis
868 2374 1198 2448 rationis.

482 2492 528 2525 “
558 2487 706 2560 Sed
766 2488 1014 2584 quid''‚
1071 2486 1377 2586 inquieS,
1436 2492 1481 2525 “
1506 2510 1690 2584 opus
1751 2497 1862 2560 est
1917 2488 2457 2561 theorematum

379 2624 563 2696 pure
618 2602 1233 2696 geometricorum
1270 2601 1934 2675 demonstrationes
1988 2626 2034 2673 a
2078 2614 2286 2673 motu
2340 2624 2463 2697 pe-

381 2727 540 2786 tere
565 2713 638 2785 ?”
709 2714 1144 2809 Respondeo
1170 2715 1441 2810 primo:
1480 2713 2142 2787 demonstrationes
2177 2737 2456 2796 omneS,

382 2826 523 2899 nisi
558 2826 976 2900 scientificae
1010 2828 1181 2916 sint,
1218 2828 1494 2901 vitiosae
1541 2841 1756 2911 sunt;
1813 2839 1888 2900 et
1940 2827 2080 2899 nisi
2136 2851 2180 2899 a
2226 2826 2467 2899 causis

382 2940 811 3036 procedant,
875 2941 1292 3013 scientificae
1350 2964 1501 3012 non
1561 2949 1754 3011 sunt.
1893 2937 2260 3025 SecundO,
2322 2938 2466 3012 nisi

382 3053 890 3126 conclusiones
925 3078 971 3127 a
1005 3053 1575 3139 constructione,
1612 3051 1690 3124 id
1726 3064 1861 3135 est,
1897 3076 1941 3123 a
1977 3050 2468 3147 descriptione

382 3168 807 3263 figurarum,
835 3166 912 3239 id
947 3178 1081 3254 est,
1110 3190 1153 3238 a
1186 3165 1541 3237 linearum
1580 3164 1928 3236 ductione
1965 3164 2465 3237 demonstren-

383 3293 527 3371 tur,
563 3281 845 3354 vitiosae
878 3292 1076 3353 sunt.
1174 3280 1342 3352 Jam
1377 3276 1611 3350 omnis
1645 3277 2002 3349 linearum
2035 3277 2284 3351 ductio
2311 3302 2471 3351 mo-

376 3407 501 3466 tus
562 3406 723 3467 est:
795 3394 1042 3488 itaque
1107 3391 1375 3464 vitiosa
1433 3403 1544 3463 est
1610 3390 1849 3462 omnis
1915 3389 2469 3475 demonstratio,

383 3508 591 3602 cujus
644 3505 1005 3602 principia
1061 3503 1300 3600 prima
1348 3526 1496 3575 non
1554 3503 2031 3576 continentur
2075 3504 2153 3576 in
2209 3504 2466 3577 defini-

383 3619 705 3691 tionibus
741 3630 1074 3692 motuum
1110 3617 1371 3713 quibus
1404 3615 1661 3712 figurae
1692 3615 2229 3690 describuntur.
2321 3615 2468 3691 Sed

380 3745 551 3830 post
586 3732 1047 3804 theoremata
1080 3730 1356 3826 aliquot
1391 3728 1628 3825 prima
1656 3729 2176 3817 demonstrata,
2201 3741 2469 3802 caetera

373 3847 476 3918 ab
511 3844 626 3917 his
662 3842 1151 3940 dependentia
1187 3867 1335 3916 non
1372 3855 1598 3939 egent
1639 3843 2266 3916 demonstratione
2300 3866 2468 3938 quae

376 3957 469 4030 fit
502 3981 548 4029 a
580 3969 809 4046 motu,
845 3968 930 4029 ut
965 3981 1276 4052 quorum
1324 3956 1983 4030 demonstrationes
2037 3956 2113 4027 in
2161 3955 2464 4028 demon-

380 4069 859 4145 strationibus
886 4071 1213 4166 priorum
1235 4069 1752 4144 continentur:
1793 4092 1929 4143 nec
1955 4068 2098 4141 alia
2118 4092 2197 4141 re
2220 4079 2464 4165 egent,

383 4199 469 4257 ut
522 4183 1051 4280 intelligantur,
1098 4193 1369 4280 praeter
1421 4181 1715 4256 illorum
1765 4183 2094 4279 priorum
2146 4181 2464 4277 explica-

387 4297 689 4387 tionem,
724 4298 840 4370 vel
876 4297 1446 4371 conversionem.

1224 4443 1618 4480 a
