3094 5125
1052 522 1160 575 ΒΕ
1199 523 1541 577 NATURA
1577 525 1852 578 AEmS.
2347 510 2493 589 267

403 690 701 777 incussi,
737 699 851 763 est
910 693 1358 789 compressio
1405 693 1604 767 intra
1656 694 1979 768 vesicam
2042 719 2208 790 quae
2262 704 2496 786 extra,

404 804 613 899 cujus
665 814 996 895 conatuS,
1036 818 1342 903 propter
1392 793 1589 880 viam
1638 821 1973 882 motuum
2023 809 2498 905 undiquaque

405 916 892 1006 decussatam,
928 918 1168 991 tendit
1210 919 1687 1016 undiquaque
1729 920 1824 993 ad
1879 923 2342 1017 superficiem
2376 947 2501 995 ve-

406 1031 577 1104 sicae
604 1053 1027 1104 concavam.
1132 1033 1381 1107 Quare
1427 1036 1922 1107 necessarium
1978 1046 2088 1108 est
2143 1047 2229 1109 ut
2282 1036 2499 1109 undi-

409 1167 697 1240 quaque
721 1144 1190 1234 intumescat,
1205 1156 1279 1218 et
1301 1159 1679 1220 crescente
1701 1158 2012 1221 conatus
2032 1149 2500 1223 vehementia

406 1257 706 1330 tandem
741 1256 1132 1331 laceretur.

508 1367 607 1444 B.
664 1370 743 1444 Si
769 1394 970 1460 acuS,
1000 1382 1343 1469 magnete
1365 1372 1677 1462 excitu8‚
1699 1371 1932 1445 libere
1956 1373 2279 1468 pendeat
2299 1374 2499 1449 intra

405 1483 788 1579 recipiens,
815 1494 1162 1580 sequetur
1196 1495 1444 1557 tamen
1472 1484 1596 1558 ille
1622 1498 1905 1558 motum
1934 1486 2112 1559 ferri
2139 1488 2339 1584 quod
2361 1488 2499 1561 cir-

407 1597 873 1670 cumducitur
925 1606 1137 1670 extra
1187 1598 1574 1694 recipiens.
1679 1599 1868 1671 Item
1931 1600 2244 1695 objecta,
2299 1600 2499 1674 intus

403 1710 667 1805 posita,
707 1711 801 1783 ab
857 1710 947 1783 iis
1004 1711 1130 1805 qui
1186 1721 1395 1785 extra
1454 1722 1629 1784 sunt
1681 1711 2152 1802 videbuntur,
2205 1725 2282 1786 et
2335 1714 2500 1787 soni

404 1824 605 1895 intus
628 1822 808 1896 facti
840 1823 1254 1897 audientur.
1362 1824 1632 1897 Omnia
1663 1824 1823 1897 haec
1850 1848 2059 1920 aeque
2087 1837 2254 1921 post
2279 1837 2500 1923 atque

407 1948 581 2009 ante
614 1936 1080 2009 exuctionem
1105 1937 1322 2026 aeris,
1343 1936 1489 2009 nisi
1513 1935 1714 2033 quod
1739 1937 1901 2009 soni
1922 1949 2092 2011 sunt
2120 1939 2499 2036 aliquanto

405 2060 576 2146 post
610 2074 833 2147 quam
859 2061 1031 2123 ante
1066 2050 1477 2124 debiliores,

508 2163 606 2236 A.
663 2164 1266 2238 Manifestissima
1331 2166 1492 2238 haec
1564 2176 1736 2238 sunt
1804 2167 2018 2262 signa
2077 2166 2501 2262 recipientis

409 2299 698 2373 semper
745 2278 969 2374 pleni,
1006 2302 1145 2352 nec
1180 2303 1393 2375 posse
1428 2278 1603 2351 inde
1638 2280 1859 2376 exugi
1907 2302 2175 2352 aerem.
2280 2280 2504 2355 Quod

407 2401 657 2464 autem
711 2391 874 2464 soni
919 2392 1093 2466 inde
1141 2393 1558 2466 sentiantur
1601 2392 2012 2482 debiliores,
2052 2393 2345 2489 signum
2389 2405 2504 2466 est

410 2504 908 2579 consistentiae
927 2506 1140 2580 aeris,
1196 2506 1702 2580 consistentia
1735 2518 1981 2580 autem
2005 2507 2193 2580 aeris
2220 2530 2265 2579 a
2292 2517 2503 2580 motu

409 2620 566 2713 ejus
601 2631 715 2692 est
747 2642 881 2714 per
916 2619 1146 2693 lineas
1180 2618 1711 2693 diametraliter
1738 2620 2137 2717 oppositaS.

511 2730 610 2804 B.
661 2731 904 2804 Etiam
934 2730 1080 2804 duo
1114 2732 1437 2827 pendula
1455 2733 1767 2828 aequalia
1801 2744 1877 2806 et
1904 2733 2191 2822 similia,
2229 2732 2307 2805 in
2342 2733 2508 2806 alti-

409 2842 665 2916 tudine
691 2844 976 2941 aequali,
1015 2844 1077 2916 si
1111 2844 1426 2917 alterum
1460 2845 1537 2917 in
1573 2868 1742 2917 aere
1778 2845 2035 2934 libero,
2074 2844 2389 2918 alterum
2425 2846 2505 2919 in

409 2968 718 3030 vacuato
753 2958 1151 3053 recipiente
1177 2981 1610 3054 suspensum
1646 2958 1766 3047 sit,
1790 2958 2151 3054 simulque
2185 2967 2508 3032 retracta

412 3071 560 3144 sint
593 3096 640 3145 a
672 3072 818 3144 situ
852 3071 1493 3168 perpendiculari3
1547 3094 1803 3144 eorum
1857 3072 2124 3144 itiones
2178 3083 2254 3144 et
2311 3072 2507 3145 redi-

410 3185 650 3257 tiones
684 3184 903 3256 simul
928 3183 1403 3257 absolventur
1432 3214 1452 3267 ς
1508 3183 1926 3258 differentia
1960 3184 2221 3257 saltem
2269 3185 2507 3259 mani-

409 3296 599 3371 festa
624 3321 776 3370 non
811 3309 1143 3394 apparet.

509 3409 603 3483 A.
658 3410 923 3484 Credo.
989 3409 1380 3506 Recipiens
1407 3409 1605 3483 enim
1637 3433 1789 3483 non
1824 3420 2008 3498 erat,
2043 3420 2131 3483 ut
2164 3411 2507 3507 putastiS,

411 3524 646 3619 magis
672 3547 990 3597 vacuum
1015 3535 1187 3620 post
1222 3548 1443 3620 quam
1479 3533 1654 3596 ante
1688 3523 2121 3598 suctionem.

514 3636 613 3709 B.
670 3635 750 3708 Si
786 3636 931 3709 duo
969 3661 1281 3734 corpora
1316 3636 1525 3725 dura,
1575 3647 1779 3733 puta,
1836 3660 2205 3710 marmora
2263 3636 2506 3733 plana,

411 3749 601 3823 bene
633 3750 997 3846 laevigata,
1035 3773 1113 3823 se
1146 3762 1407 3823 mutuo
1438 3750 1844 3823 secundum
1880 3750 2302 3847 superficies
2339 3774 2508 3824 suas

411 3863 667 3959 planas
728 3863 1132 3957 tetigerint,
1171 3863 1317 3954 illa,
1354 3875 1442 3935 ut
1488 3863 1654 3953 scis,
1711 3865 1820 3938 ita
1871 3865 2375 3952 cohaerebunt,
2424 3874 2511 3937 ut

411 3976 489 4048 in
541 3999 708 4049 aere
745 4000 1096 4073 suspensa
1150 3999 1471 4050 marmor
1505 3977 1810 4051 inferius
1844 4002 1890 4051 a
1922 3976 2297 4073 superiore
2350 3976 2509 4049 sine

411 4113 684 4186 magno
736 4090 1088 4186 pondere,
1141 4101 1270 4163 aut
1318 4090 1462 4162 alia
1515 4114 1787 4186 magna
1824 4091 1920 4179 vi,
1975 4087 2296 4187 separari
2353 4111 2509 4161 non

411 4202 669 4298 possit.
806 4202 1122 4277 Ponderi
1191 4204 1333 4277 hoc
1402 4203 1820 4277 attribuunt
1885 4213 2219 4277 nostrum
2280 4201 2509 4298 aliqui

415 4314 777 4388 columnae
831 4315 1435 4411 atmosphaericae,
1486 4318 1697 4413 cujus
1732 4317 1946 4389 nixus
1979 4339 2113 4411 per
2147 4315 2507 4388 resultum

417 4426 854 4500 terminatur
889 4429 966 4500 in
1001 4429 1383 4523 superficie
1410 4429 1757 4502 inferiore
1786 4428 2151 4503 inferioris
2177 4451 2501 4501 marmo-
