3094 5125
688 437 824 505 104
1106 450 1646 504 ExAMmAno
1688 451 1789 502 Εἰ·
1827 449 2323 502 EMssNnArlo

309 643 609 686 nmocus
682 618 1101 706 dodrantes»,
1137 630 1552 713 caeteraque
1586 616 2000 714 fragmenta
2044 616 2245 705 assis,
2297 614 2544 687 minus
2594 638 2777 711 pro-

420 726 511 766 111.

316 793 603 830 s--r-a
681 733 840 830 prie
873 731 1160 805 numeri
1194 732 1657 827 appellantur
1679 731 2089 820 unciarum,
2118 728 2591 817 sextantium,
2616 730 2777 816 δια,

683 870 904 944 quam
951 844 1316 932 animalia,
1367 867 1716 917 numerus
1769 843 2215 917 animalium.
2319 841 2579 937 Capite
2645 840 2780 912 de-

684 961 875 1033 cimo
911 958 1131 1031 tertio
1166 958 1486 1030 traditur
1517 957 1960 1031 fractionum
1988 955 2544 1029 scribendarum
2579 954 2778 1027 ratio

684 1073 943 1146 eadem
979 1094 1201 1166 quam
1233 1071 1455 1166 vulgo
1490 1070 1756 1159 sciunt,
1786 1081 2059 1166 praeter
2092 1069 2550 1142 notationem
2583 1067 2782 1139 frac-

686 1187 969 1259 tionum
1028 1184 1631 1280 algebraicarum,
1703 1206 1884 1279 quas
1937 1205 2155 1255 nemo
2216 1180 2569 1276 intelligit
2633 1178 2779 1252 nisi

689 1297 983 1372 aliunde
1019 1297 1303 1370 doctus.
1408 1297 1595 1371 Quis
1631 1297 1826 1369 enim
1861 1295 2211 1391 intelligit
2246 1293 2445 1391 quod
2477 1303 2524 1366 2
2569 1292 2687 1378 Qu
2724 1325 2761 1360 ψ

694 1451 837 1526 3R
885 1451 1081 1523 idem
1116 1452 1355 1525 valeat
1390 1427 1708 1549 quodssss
1735 1407 1913 1537 *ἢ
1971 1448 2111 1521 nisi
2166 1448 2291 1545 qui
2347 1461 2522 1522 ante
2557 1448 2637 1521 id
2674 1448 2780 1521 di-

695 1577 1015 1651 dicisset.

798 1690 895 1764 B.
948 1689 1096 1763 Sed
1138 1713 1302 1786 quae
1354 1691 1611 1787 regula
1660 1700 1770 1763 est
1823 1689 2202 1763 divisionis
2250 1713 2384 1785 per
2417 1688 2775 1785 symbola,

696 1802 1086 1878 accurata?

797 1918 897 1993 A.
950 1917 1349 1990 Differatur
1413 1918 1557 1990 hoc
1625 1915 1720 1989 ad
1801 1915 2412 1989 examinationem
2496 1914 2780 2012 Capitis

696 2031 1046 2120 vicesimi,
1083 2030 1161 2103 id
1195 2044 1330 2119 est,
1367 2031 1463 2104 ad
1512 2030 1759 2103 locum
1792 2030 2198 2126 proprium.
2297 2029 2781 2103 Examinetur

693 2147 845 2241 jam
883 2145 1123 2239 Caput
1164 2144 1527 2217 decimum
1565 2144 1910 2227 tertium;
1965 2143 2091 2216 ubi
2135 2143 2373 2238 primo
2420 2142 2589 2216 loco
2626 2165 2782 2214 mo-

702 2257 875 2330 dum
924 2256 1141 2329 docet
1188 2256 1740 2330 demonstrandi
1794 2256 2241 2330 additionem
2292 2279 2783 2343 numerorum,

701 2380 786 2442 ut
844 2382 1222 2452 vocantur,
1279 2368 1708 2466 digitorum.
1861 2369 2102 2458 Verbi,
2172 2369 2410 2465 inquit
2461 2370 2784 2466 gratia,-

705 2490 1006 2573 2÷3=5,
1041 2482 1155 2554 sie
1189 2482 1761 2558 demonstratur.
1872 2484 2252 2555 Ponuntur
2283 2482 2611 2582 primum
2645 2482 2787 2555 duo

690 2604 1005 2694 puncta,
1039 2604 1114 2666 et
1150 2594 1417 2668 deinde
1453 2597 1634 2687 tria,
1670 2622 1833 2695 quae
1867 2597 2128 2685 omnia,
2180 2596 2249 2669 si
2288 2607 2784 2686 numerentur,

704 2708 1175 2805 reperientur
1243 2708 1576 2806 quinque.
1714 2710 1929 2782 Libet
1992 2709 2113 2783 hic
2193 2733 2547 2806 quaerere,
2619 2734 2786 2783 cum

707 2820 906 2894 dicat
942 2822 1139 2917 quod
1173 2823 1646 2919 reperientur
1668 2824 2013 2922 quinque,
2042 2848 2087 2896 a
2122 2847 2265 2918 quo
2302 2824 2783 2919 reperientur.

708 2935 976 3009 Utrum
1011 2936 1101 3009 ab
1137 2959 1224 3009 eo
1263 2936 1388 3031 qui
1423 2937 1588 3026 scit,
1623 2936 1740 3009 vel
1777 2936 1869 3010 ab
1911 2961 2000 3010 eo
2050 2938 2175 3033 qui
2222 2937 2479 3025 nescit,
2517 2935 2664 3009 duo
2713 2946 2786 3009 et

705 3048 851 3123 tria
884 3072 1040 3121 esse
1076 3048 1445 3144 quinque?
1552 3049 1631 3121 Si
1665 3049 1757 3121 ab
1795 3073 1881 3121 eo
1911 3049 2037 3144 qui
2073 3050 2232 3139 scit,
2268 3049 2346 3121 id
2380 3050 2447 3121 ei
2482 3048 2783 3121 demon-

707 3171 1017 3234 stratum
1066 3171 1223 3233 erat
1275 3173 1452 3233 tunc
1507 3185 1677 3234 cum
1731 3161 2070 3234 nesciret.
2177 3162 2321 3235 Sed
2374 3163 2497 3257 qui
2544 3163 2789 3258 potuit

708 3275 993 3348 idfieri
1039 3275 1491 3348 nmorando
1545 3275 1637 3349 ab
1690 3300 1776 3348 eo
1821 3274 1947 3371 qui
1997 3275 2219 3348 sciret
2264 3286 2552 3348 tantum
2608 3274 2788 3370 quid

710 3399 953 3461 essent
999 3388 1142 3461 duo
1178 3397 1255 3460 et
1298 3388 1465 3476 tria,
1507 3390 1843 3462 nesciens
1900 3389 2074 3483 quid
2125 3400 2368 3462 essent
2409 3386 2783 3484 quinque?

706 3501 933 3574 Vides
969 3524 1143 3597 ergo
1175 3512 1263 3573 ut
1295 3514 1638 3598 nugatur.

812 3613 912 3687 B.
967 3614 1115 3687 Sed
1148 3638 1400 3711 perge.

808 3724 900 3799 A.
968 3726 1103 3800 Vel
1131 3726 1268 3800 sic.
1359 3726 1723 3812 Quoniam
1762 3736 2000 3799 notum
2042 3737 2157 3802 est
2200 3753 2293 3801 ex
2329 3728 2501 3825 ipsa
2544 3753 2785 3801 nume-

713 3862 963 3912 rorum
988 3839 1544 3937 procreatione,
1583 3864 1799 3936 quam
1841 3838 2114 3937 Capite
2159 3841 2415 3938 quinto
2462 3840 2787 3914 tradidi-

709 3976 887 4043 mus,
957 3952 1154 4049 quod
1214 3952 1641 4027 sit1÷1=2
1679 3962 1755 4025 et
1788 3961 1831 4027 2
1859 3963 2085 4027 ÷1=3
2143 3965 2217 4028 et
2275 3964 2589 4046 4÷1=5,
2649 3953 2784 4048 ᾇτ’.

708 4076 924 4140 erunt
955 4065 1178 4138 etiam
1213 4073 1762 4149 2÷3=1÷1÷3;
1817 4077 1892 4139 et
1927 4075 2267 4152 3÷1=43
2322 4077 2397 4141 et
2430 4077 2741 4141 4÷1=5.

811 4179 1199 4255 Quomodo
1234 4189 1479 4253 autem
1513 4192 1774 4253 notum
1810 4193 1923 4254 est
1973 4205 2101 4277 per
2136 4181 2318 4277 Cap.
2345 4206 2412 4255 v.
2452 4181 2656 4276 quod
2690 4180 2786 4254 sit

710 4302 982 4366 4÷1=5
1014 4293 1039 4364 Ρ
1144 4293 1342 4365 Ν11111
1379 4293 1450 4365 id
1489 4293 1639 4366 illic
1675 4293 2267 4367 demonstratur?
2368 4294 2507 4367 Vel
2549 4294 2610 4367 si
2663 4295 2785 4368 de-

710 4416 1178 4497 monstretur,
1217 4430 1307 4480 ex
1344 4405 1607 4503 quibus
1640 4405 2066 4504 principiis?
