<?xml version="1.0" encoding="UTF-8"?>
<!DOCTYPE html PUBLIC "-//W3C//DTD XHTML 1.0 Transitional//EN"
    "http://www.w3.org/TR/xhtml1/DTD/xhtml1-transitional.dtd">
<html xmlns="http://www.w3.org/1999/xhtml" xml:lang="en" lang="en">
 <head>
  <title>
</title>
<meta http-equiv="Content-Type" content="text/html;charset=utf-8" />
  <meta name='ocr-system' content='tesseract 3.04.00' />
  <meta name='ocr-capabilities' content='ocr_page ocr_carea ocr_par ocr_line ocrx_word'/>
</head>
<body>
  <div class='ocr_page' id='page_1' title='image "./thomhobbesmalme02molegoog_0018.png"; bbox 0 0 3094 5125; ppageno 0'>
   <div class='ocr_carea' id='block_1_1' title="bbox 688 449 2333 516">
    <p class='ocr_par' dir='ltr' id='par_1_1' title="bbox 688 449 2333 516">
     <span class='ocr_line' id='line_1_1' title="bbox 688 449 2333 516; baseline 0.001 -2"><span class='ocrx_word' id='word_1_1' title='bbox 688 449 733 513; x_wconf 90' lang='lat'><strong>6</strong></span> <span class='ocrx_word' id='word_1_2' title='bbox 1115 462 1653 515; x_wconf 77' lang='lat' dir='ltr'>ExAMmA&#39;mo</span> <span class='ocrx_word' id='word_1_3' title='bbox 1697 464 1797 515; x_wconf 79' lang='grc' dir='ltr'>ΕΤ</span> <span class='ocrx_word' id='word_1_4' title='bbox 1834 464 2333 516; x_wconf 73' lang='grc' dir='ltr'>ΕΜΕΝΒΑΤῙΟ</span> 
     </span>
    </p>
   </div>
   <div class='ocr_carea' id='block_1_2' title="bbox 319 627 2807 4577">
    <p class='ocr_par' dir='ltr' id='par_1_2' title="bbox 319 627 2774 1405">
     <span class='ocr_line' id='line_1_2' title="bbox 319 627 2759 726; baseline 0.003 -34"><span class='ocrx_word' id='word_1_5' title='bbox 319 653 623 711; x_wconf 46' lang='lat' dir='ltr'>mancus</span> <span class='ocrx_word' id='word_1_6' title='bbox 787 627 880 701; x_wconf 81' lang='lat' dir='ltr'>A.</span> <span class='ocrx_word' id='word_1_7' title='bbox 937 628 1086 702; x_wconf 85' lang='lat' dir='ltr'>Cur</span> <span class='ocrx_word' id='word_1_8' title='bbox 1114 651 1289 725; x_wconf 86' lang='lat' dir='ltr'>ergo</span> <span class='ocrx_word' id='word_1_9' title='bbox 1325 630 1403 702; x_wconf 92' lang='lat' dir='ltr'>in</span> <span class='ocrx_word' id='word_1_10' title='bbox 1439 629 1554 702; x_wconf 92' lang='lat' dir='ltr'>his</span> <span class='ocrx_word' id='word_1_11' title='bbox 1588 630 1820 726; x_wconf 86' lang='lat' dir='ltr'>magis</span> <span class='ocrx_word' id='word_1_12' title='bbox 1857 654 2076 726; x_wconf 87' lang='lat' dir='ltr'>quam</span> <span class='ocrx_word' id='word_1_13' title='bbox 2111 630 2189 702; x_wconf 93' lang='lat' dir='ltr'>in</span> <span class='ocrx_word' id='word_1_14' title='bbox 2224 629 2366 702; x_wconf 91' lang='lat' dir='ltr'>illis</span> <span class='ocrx_word' id='word_1_15' title='bbox 2401 627 2759 701; x_wconf 83' lang='lat' dir='ltr'>desideras</span> 
     </span>
     <span class='ocr_line' id='line_1_3' title="bbox 321 737 2762 841; baseline -0.001 -25"><span class='ocrx_word' id='word_1_16' title='bbox 321 807 332 819; x_wconf 85' lang='lat'>.</span> <span class='ocrx_word' id='word_1_17' title='bbox 446 737 485 777; x_wconf 87' lang='lat'>¹·</span> <span class='ocrx_word' id='word_1_18' title='bbox 688 742 1097 841; x_wconf 83' lang='lat' dir='ltr'>principia?</span> <span class='ocrx_word' id='word_1_19' title='bbox 1201 744 1319 815; x_wconf 89' lang='lat' dir='ltr'>An</span> <span class='ocrx_word' id='word_1_20' title='bbox 1347 744 1408 815; x_wconf 90' lang='lat' dir='ltr'>si</span> <span class='ocrx_word' id='word_1_21' title='bbox 1434 756 1980 817; x_wconf 82' lang='lat' dir='ltr'>assumerentur</span> <span class='ocrx_word' id='word_1_22' title='bbox 2013 745 2090 817; x_wconf 92' lang='lat' dir='ltr'>in</span> <span class='ocrx_word' id='word_1_23' title='bbox 2116 743 2458 840; x_wconf 83' lang='lat' dir='ltr'><strong>physicis,</strong></span> <span class='ocrx_word' id='word_1_24' title='bbox 2488 743 2762 829; x_wconf 80' lang='lat' dir='ltr'>ethiciS‚</span> 
     </span>
     <span class='ocr_line' id='line_1_4' title="bbox 691 854 2766 958; baseline -0.001 -29"><span class='ocrx_word' id='word_1_25' title='bbox 691 868 769 929; x_wconf 84' lang='lat' dir='ltr'>et</span> <span class='ocrx_word' id='word_1_26' title='bbox 792 854 1114 958; x_wconf 83' lang='lat' dir='ltr'>politicis</span> <span class='ocrx_word' id='word_1_27' title='bbox 1148 856 1518 950; x_wconf 89' lang='lat' dir='ltr'>postulata</span> <span class='ocrx_word' id='word_1_28' title='bbox 1551 857 2113 952; x_wconf 88' lang='lat' dir='ltr'>petitionesque‚</span> <span class='ocrx_word' id='word_1_29' title='bbox 2138 856 2329 928; x_wconf 89' lang='lat' dir='ltr'>sicut</span> <span class='ocrx_word' id='word_1_30' title='bbox 2349 856 2426 927; x_wconf 91' lang='lat' dir='ltr'>in</span> <span class='ocrx_word' id='word_1_31' title='bbox 2448 855 2766 927; x_wconf 90' lang='lat' dir='ltr'>Euclidis</span> 
     </span>
     <span class='ocr_line' id='line_1_5' title="bbox 690 968 2771 1059; baseline -0 -17"><span class='ocrx_word' id='word_1_32' title='bbox 690 969 1091 1042; x_wconf 87' lang='lat' dir='ltr'>Elementis</span> <span class='ocrx_word' id='word_1_33' title='bbox 1129 969 1601 1059; x_wconf 84' lang='lat' dir='ltr'>Geometriae,</span> <span class='ocrx_word' id='word_1_34' title='bbox 1651 994 1837 1044; x_wconf 92' lang='lat' dir='ltr'>eone</span> <span class='ocrx_word' id='word_1_35' title='bbox 1872 970 2234 1042; x_wconf 91' lang='lat' dir='ltr'>firmiores</span> <span class='ocrx_word' id='word_1_36' title='bbox 2273 969 2432 1041; x_wconf 84' lang='lat' dir='ltr'>fore</span> <span class='ocrx_word' id='word_1_37' title='bbox 2472 968 2771 1041; x_wconf 91' lang='lat' dir='ltr'>demon-</span> 
     </span>
     <span class='ocr_line' id='line_1_6' title="bbox 692 1082 2770 1179; baseline 0 -25"><span class='ocrx_word' id='word_1_38' title='bbox 692 1082 1084 1155; x_wconf 85' lang='lat' dir='ltr'>strationes</span> <span class='ocrx_word' id='word_1_39' title='bbox 1131 1105 1291 1155; x_wconf 90' lang='lat' dir='ltr'>esse</span> <span class='ocrx_word' id='word_1_40' title='bbox 1330 1082 1678 1179; x_wconf 85' lang='lat' dir='ltr'>judicas?</span> <span class='ocrx_word' id='word_1_41' title='bbox 1782 1084 1861 1156; x_wconf 83' lang='lat' dir='ltr'>Si</span> <span class='ocrx_word' id='word_1_42' title='bbox 1895 1085 2001 1156; x_wconf 88' lang='lat' dir='ltr'>ita</span> <span class='ocrx_word' id='word_1_43' title='bbox 2026 1084 2338 1179; x_wconf 78' lang='lat' dir='ltr'>judicaS,</span> <span class='ocrx_word' id='word_1_44' title='bbox 2387 1095 2547 1155; x_wconf 84' lang='lat' dir='ltr'>toto</span> <span class='ocrx_word' id='word_1_45' title='bbox 2589 1083 2770 1155; x_wconf 89' lang='lat' dir='ltr'>coelo</span> 
     </span>
     <span class='ocr_line' id='line_1_7' title="bbox 696 1195 2774 1291; baseline 0.001 -24"><span class='ocrx_word' id='word_1_46' title='bbox 696 1219 919 1268; x_wconf 88' lang='lat' dir='ltr'>erras.</span> <span class='ocrx_word' id='word_1_47' title='bbox 1025 1195 1214 1268; x_wconf 90' lang='lat' dir='ltr'>Sunt</span> <span class='ocrx_word' id='word_1_48' title='bbox 1249 1196 1444 1268; x_wconf 90' lang='lat' dir='ltr'>enim</span> <span class='ocrx_word' id='word_1_49' title='bbox 1479 1220 1568 1269; x_wconf 92' lang='lat' dir='ltr'>eo</span> <span class='ocrx_word' id='word_1_50' title='bbox 1600 1197 2061 1269; x_wconf 90' lang='lat' dir='ltr'>infirmiores.</span> <span class='ocrx_word' id='word_1_51' title='bbox 2172 1195 2544 1291; x_wconf 78' lang='lat' dir='ltr'>Quicquid</span> <span class='ocrx_word' id='word_1_52' title='bbox 2579 1196 2774 1270; x_wconf 91' lang='lat' dir='ltr'>enim</span> 
     </span>
     <span class='ocr_line' id='line_1_8' title="bbox 696 1309 2774 1405; baseline 0 -23"><span class='ocrx_word' id='word_1_53' title='bbox 696 1309 1092 1382; x_wconf 80' lang='lat' dir='ltr'>assumitur</span> <span class='ocrx_word' id='word_1_54' title='bbox 1125 1309 1482 1405; x_wconf 89' lang='lat' dir='ltr'>precario,</span> <span class='ocrx_word' id='word_1_55' title='bbox 1519 1322 1860 1382; x_wconf 88' lang='lat' dir='ltr'>naturam</span> <span class='ocrx_word' id='word_1_56' title='bbox 1885 1309 2081 1382; x_wconf 89' lang='lat' dir='ltr'>tollit</span> <span class='ocrx_word' id='word_1_57' title='bbox 2109 1309 2774 1382; x_wconf 78' lang='lat' dir='ltr'>demonstrationis·</span> 
     </span>
    </p>

    <p class='ocr_par' dir='ltr' id='par_1_3' title="bbox 699 1420 2784 2197">
     <span class='ocr_line' id='line_1_9' title="bbox 797 1420 2779 1518; baseline 0.002 -27"><span class='ocrx_word' id='word_1_58' title='bbox 797 1420 891 1494; x_wconf 90' lang='lat' dir='ltr'>B.</span> <span class='ocrx_word' id='word_1_59' title='bbox 947 1421 1286 1516; x_wconf 72' lang='lat' dir='ltr'>intelligo</span> <span class='ocrx_word' id='word_1_60' title='bbox 1314 1423 1467 1516; x_wconf 89' lang='lat' dir='ltr'>jam</span> <span class='ocrx_word' id='word_1_61' title='bbox 1504 1422 1680 1518; x_wconf 92' lang='lat' dir='ltr'>quid</span> <span class='ocrx_word' id='word_1_62' title='bbox 1716 1421 2110 1495; x_wconf 89' lang='lat' dir='ltr'>dicendum</span> <span class='ocrx_word' id='word_1_63' title='bbox 2146 1433 2302 1495; x_wconf 90' lang='lat' dir='ltr'>erat</span> <span class='ocrx_word' id='word_1_64' title='bbox 2330 1421 2684 1510; x_wconf 89' lang='lat' dir='ltr'>Wallisi0,</span> <span class='ocrx_word' id='word_1_65' title='bbox 2718 1420 2779 1494; x_wconf 91' lang='lat' dir='ltr'>si</span> 
     </span>
     <span class='ocr_line' id='line_1_10' title="bbox 699 1536 2777 1631; baseline -0.001 -22"><span class='ocrx_word' id='word_1_66' title='bbox 699 1536 1136 1609; x_wconf 84' lang='lat' dir='ltr'>sententiam</span> <span class='ocrx_word' id='word_1_67' title='bbox 1163 1559 1367 1607; x_wconf 90' lang='lat' dir='ltr'>suam</span> <span class='ocrx_word' id='word_1_68' title='bbox 1396 1546 1638 1626; x_wconf 73' lang='grc' dir='ltr'>ἀκριβῶς</span> <span class='ocrx_word' id='word_1_69' title='bbox 1665 1537 2017 1609; x_wconf 87' lang='lat' dir='ltr'>voluisset</span> <span class='ocrx_word' id='word_1_70' title='bbox 2044 1536 2408 1631; x_wconf 85' lang='lat' dir='ltr'>explicare</span> <span class='ocrx_word' id='word_1_71' title='bbox 2434 1567 2452 1620; x_wconf 92' lang='lat'>;</span> <span class='ocrx_word' id='word_1_72' title='bbox 2491 1557 2777 1631; x_wconf 88' lang='lat' dir='ltr'>nempe,</span> 
     </span>
     <span class='ocr_line' id='line_1_11' title="bbox 700 1648 2778 1745; baseline -0.001 -22"><span class='ocrx_word' id='word_1_73' title='bbox 700 1648 1085 1723; x_wconf 88' lang='lat' dir='ltr'>scientiam</span> <span class='ocrx_word' id='word_1_74' title='bbox 1120 1673 1341 1721; x_wconf 88' lang='lat' dir='ltr'>unam</span> <span class='ocrx_word' id='word_1_75' title='bbox 1390 1649 1623 1721; x_wconf 88' lang='lat' dir='ltr'>altera</span> <span class='ocrx_word' id='word_1_76' title='bbox 1656 1673 1894 1745; x_wconf 91' lang='lat' dir='ltr'>neque</span> <span class='ocrx_word' id='word_1_77' title='bbox 1928 1650 2314 1734; x_wconf 85' lang='lat' dir='ltr'>veriorem,</span> <span class='ocrx_word' id='word_1_78' title='bbox 2360 1673 2603 1745; x_wconf 88' lang='lat' dir='ltr'>neque</span> <span class='ocrx_word' id='word_1_79' title='bbox 2637 1649 2778 1721; x_wconf 89' lang='lat' dir='ltr'>evi·</span> 
     </span>
     <span class='ocr_line' id='line_1_12' title="bbox 702 1761 2781 1858; baseline -0.002 -21"><span class='ocrx_word' id='word_1_80' title='bbox 702 1764 1116 1837; x_wconf 84' lang='lat' dir='ltr'>dentiorem</span> <span class='ocrx_word' id='word_1_81' title='bbox 1151 1786 1333 1852; x_wconf 89' lang='lat' dir='ltr'>esse,</span> <span class='ocrx_word' id='word_1_82' title='bbox 1381 1762 1512 1836; x_wconf 92' lang='lat' dir='ltr'>sed</span> <span class='ocrx_word' id='word_1_83' title='bbox 1550 1762 1886 1837; x_wconf 90' lang='lat' dir='ltr'>doctores</span> <span class='ocrx_word' id='word_1_84' title='bbox 1921 1763 2146 1835; x_wconf 90' lang='lat' dir='ltr'>alium</span> <span class='ocrx_word' id='word_1_85' title='bbox 2180 1763 2322 1835; x_wconf 87' lang='lat' dir='ltr'>alio</span> <span class='ocrx_word' id='word_1_86' title='bbox 2357 1761 2781 1858; x_wconf 90' lang='lat' dir='ltr'>peritiorem</span> 
     </span>
     <span class='ocr_line' id='line_1_13' title="bbox 703 1873 2783 1973; baseline -0.002 -22"><span class='ocrx_word' id='word_1_87' title='bbox 703 1900 885 1966; x_wconf 91' lang='lat' dir='ltr'>esse,</span> <span class='ocrx_word' id='word_1_88' title='bbox 923 1875 1001 1949; x_wconf 94' lang='lat' dir='ltr'>id</span> <span class='ocrx_word' id='word_1_89' title='bbox 1037 1888 1173 1966; x_wconf 84' lang='lat' dir='ltr'>est,</span> <span class='ocrx_word' id='word_1_90' title='bbox 1209 1876 1591 1949; x_wconf 84' lang='lat' dir='ltr'>veritatem</span> <span class='ocrx_word' id='word_1_91' title='bbox 1631 1878 1863 1973; x_wconf 85' lang='lat' dir='ltr'>magis</span> <span class='ocrx_word' id='word_1_92' title='bbox 1899 1876 2334 1973; x_wconf 87' lang='lat' dir='ltr'>intelligere,</span> <span class='ocrx_word' id='word_1_93' title='bbox 2364 1875 2625 1948; x_wconf 86' lang='lat' dir='ltr'>melius</span> <span class='ocrx_word' id='word_1_94' title='bbox 2663 1873 2783 1947; x_wconf 89' lang='lat' dir='ltr'>de-</span> 
     </span>
     <span class='ocr_line' id='line_1_14' title="bbox 702 1988 2784 2080; baseline -0.002 -16"><span class='ocrx_word' id='word_1_95' title='bbox 702 2001 1141 2080; x_wconf 88' lang='lat' dir='ltr'>monstrare,</span> <span class='ocrx_word' id='word_1_96' title='bbox 1196 2015 1241 2063; x_wconf 86' lang='lat' dir='ltr'>a</span> <span class='ocrx_word' id='word_1_97' title='bbox 1282 1990 1487 2064; x_wconf 88' lang='lat' dir='ltr'>tricis</span> <span class='ocrx_word' id='word_1_98' title='bbox 1521 1992 1914 2063; x_wconf 89' lang='lat' dir='ltr'>verborum</span> <span class='ocrx_word' id='word_1_99' title='bbox 1955 1989 2215 2063; x_wconf 90' lang='lat' dir='ltr'>melius</span> <span class='ocrx_word' id='word_1_100' title='bbox 2263 2012 2542 2078; x_wconf 86' lang='lat' dir='ltr'>cavere,</span> <span class='ocrx_word' id='word_1_101' title='bbox 2598 1988 2784 2061; x_wconf 84' lang='lat' dir='ltr'>etin</span> 
     </span>
     <span class='ocr_line' id='line_1_15' title="bbox 703 2101 2783 2197; baseline -0.002 -19"><span class='ocrx_word' id='word_1_102' title='bbox 703 2107 864 2179; x_wconf 91' lang='lat' dir='ltr'>illas</span> <span class='ocrx_word' id='word_1_103' title='bbox 901 2105 962 2177; x_wconf 93' lang='lat' dir='ltr'>si</span> <span class='ocrx_word' id='word_1_104' title='bbox 990 2105 1181 2177; x_wconf 86' lang='lat' dir='ltr'>forte</span> <span class='ocrx_word' id='word_1_105' title='bbox 1207 2103 1509 2191; x_wconf 87' lang='lat' dir='ltr'>incidat,</span> <span class='ocrx_word' id='word_1_106' title='bbox 1536 2102 1823 2174; x_wconf 83' lang='lat' dir='ltr'>facilius</span> <span class='ocrx_word' id='word_1_107' title='bbox 1859 2125 1937 2174; x_wconf 92' lang='lat' dir='ltr'>se</span> <span class='ocrx_word' id='word_1_108' title='bbox 1966 2102 2137 2174; x_wconf 89' lang='lat' dir='ltr'>inde</span> <span class='ocrx_word' id='word_1_109' title='bbox 2164 2101 2524 2175; x_wconf 81' lang='lat' dir='ltr'>extricare</span> <span class='ocrx_word' id='word_1_110' title='bbox 2549 2125 2783 2197; x_wconf 88' lang='lat' dir='ltr'>posse.</span> 
     </span>
    </p>

    <p class='ocr_par' dir='ltr' id='par_1_4' title="bbox 806 2215 2788 2313">
     <span class='ocr_line' id='line_1_16' title="bbox 806 2215 2788 2313; baseline -0.002 -23"><span class='ocrx_word' id='word_1_111' title='bbox 806 2218 903 2290; x_wconf 91' lang='lat' dir='ltr'>A.</span> <span class='ocrx_word' id='word_1_112' title='bbox 958 2217 1096 2289; x_wconf 71' lang='lat' dir='ltr'>Vix</span> <span class='ocrx_word' id='word_1_113' title='bbox 1131 2217 1300 2288; x_wconf 82' lang='lat' dir='ltr'>item</span> <span class='ocrx_word' id='word_1_114' title='bbox 1332 2224 1619 2287; x_wconf 78' lang='lat' dir='ltr'>maturo</span> <span class='ocrx_word' id='word_1_115' title='bbox 1651 2216 1900 2312; x_wconf 86' lang='lat' dir='ltr'>magis</span> <span class='ocrx_word' id='word_1_116' title='bbox 1915 2215 2211 2310; x_wconf 81' lang='lat' dir='ltr'>judicio</span> <span class='ocrx_word' id='word_1_117' title='bbox 2247 2216 2616 2313; x_wconf 75' lang='lat' dir='ltr'>quispiam</span> <span class='ocrx_word' id='word_1_118' title='bbox 2650 2225 2788 2302; x_wconf 83' lang='lat' dir='ltr'>est,</span> 
     </span>
    </p>

    <p class='ocr_par' dir='ltr' id='par_1_5' title="bbox 680 2327 2793 2870">
     <span class='ocr_line' id='line_1_17' title="bbox 710 2327 2791 2428; baseline -0 -26"><span class='ocrx_word' id='word_1_119' title='bbox 710 2355 921 2428; x_wconf 83' lang='lat' dir='ltr'>quam</span> <span class='ocrx_word' id='word_1_120' title='bbox 970 2330 1089 2424; x_wconf 83' lang='lat' dir='ltr'>qui</span> <span class='ocrx_word' id='word_1_121' title='bbox 1133 2327 1348 2400; x_wconf 81' lang='lat' dir='ltr'>rebus</span> <span class='ocrx_word' id='word_1_122' title='bbox 1399 2327 1601 2400; x_wconf 81' lang='lat' dir='ltr'>hisce</span> <span class='ocrx_word' id='word_1_123' title='bbox 1633 2328 2050 2416; x_wconf 77' lang='lat' dir='ltr'>exercitati,</span> <span class='ocrx_word' id='word_1_124' title='bbox 2099 2328 2221 2401; x_wconf 84' lang='lat' dir='ltr'>vel</span> <span class='ocrx_word' id='word_1_125' title='bbox 2263 2327 2791 2425; x_wconf 77' lang='lat' dir='ltr'>sophismatum</span> 
     </span>
     <span class='ocr_line' id='line_1_18' title="bbox 680 2438 2793 2538; baseline -0 -25"><span class='ocrx_word' id='word_1_126' title='bbox 680 2440 1072 2537; x_wconf 81' lang='lat' dir='ltr'>fallacias</span> <span class='ocrx_word' id='word_1_127' title='bbox 1081 2438 1408 2537; x_wconf 82' lang='lat' dir='ltr'>felicius</span> <span class='ocrx_word' id='word_1_128' title='bbox 1443 2439 1773 2538; x_wconf 82' lang='lat' dir='ltr'>deteget,</span> <span class='ocrx_word' id='word_1_129' title='bbox 1809 2440 1930 2513; x_wconf 82' lang='lat' dir='ltr'>vel</span> <span class='ocrx_word' id='word_1_130' title='bbox 1958 2440 2558 2538; x_wconf 70' lang='lat' dir='ltr'>syllogismorum</span> <span class='ocrx_word' id='word_1_131' title='bbox 2591 2442 2793 2514; x_wconf 80' lang='lat' dir='ltr'>vires</span> 
     </span>
     <span class='ocr_line' id='line_1_19' title="bbox 688 2552 2792 2651; baseline 0 -24"><span class='ocrx_word' id='word_1_132' title='bbox 688 2556 1115 2651; x_wconf 80' lang='lat' dir='ltr'>justamque</span> <span class='ocrx_word' id='word_1_133' title='bbox 1163 2552 1534 2649; x_wconf 73' lang='lat' dir='ltr'>sequelam</span> <span class='ocrx_word' id='word_1_134' title='bbox 1585 2554 2316 2651; x_wconf 81' lang='lat' dir='ltr'>assequetur.—Hoc</span> <span class='ocrx_word' id='word_1_135' title='bbox 2359 2553 2657 2650; x_wconf 91' lang='lat' dir='ltr'>quidem</span> <span class='ocrx_word' id='word_1_136' title='bbox 2700 2554 2792 2628; x_wconf 90' lang='lat' dir='ltr'>de</span> 
     </span>
     <span class='ocr_line' id='line_1_20' title="bbox 711 2667 2791 2764; baseline 0 -23"><span class='ocrx_word' id='word_1_137' title='bbox 711 2668 1127 2741; x_wconf 87' lang='lat' dir='ltr'>exercitatis</span> <span class='ocrx_word' id='word_1_138' title='bbox 1163 2668 1239 2739; x_wconf 90' lang='lat' dir='ltr'>in</span> <span class='ocrx_word' id='word_1_139' title='bbox 1266 2668 1482 2740; x_wconf 82' lang='lat' dir='ltr'>rebus</span> <span class='ocrx_word' id='word_1_140' title='bbox 1508 2669 1709 2764; x_wconf 89' lang='lat' dir='ltr'>ipsis,</span> <span class='ocrx_word' id='word_1_141' title='bbox 1738 2692 1991 2741; x_wconf 89' lang='lat' dir='ltr'>verum</span> <span class='ocrx_word' id='word_1_142' title='bbox 2018 2700 2037 2752; x_wconf 87' lang='lat'>;</span> <span class='ocrx_word' id='word_1_143' title='bbox 2091 2667 2222 2741; x_wconf 91' lang='lat' dir='ltr'>sed</span> <span class='ocrx_word' id='word_1_144' title='bbox 2253 2668 2344 2740; x_wconf 93' lang='lat' dir='ltr'>de</span> <span class='ocrx_word' id='word_1_145' title='bbox 2370 2669 2791 2742; x_wconf 84' lang='lat' dir='ltr'>exercitatis</span> 
     </span>
     <span class='ocr_line' id='line_1_21' title="bbox 711 2781 1373 2870; baseline 0 -16"><span class='ocrx_word' id='word_1_146' title='bbox 711 2783 789 2854; x_wconf 91' lang='lat' dir='ltr'>in</span> <span class='ocrx_word' id='word_1_147' title='bbox 824 2782 1050 2870; x_wconf 85' lang='lat' dir='ltr'>libris,</span> <span class='ocrx_word' id='word_1_148' title='bbox 1085 2781 1373 2854; x_wconf 84' lang='lat' dir='ltr'>falsum.</span> 
     </span>
    </p>

    <p class='ocr_par' dir='ltr' id='par_1_6' title="bbox 714 2894 2804 3332">
     <span class='ocr_line' id='line_1_22' title="bbox 813 2894 2795 2991; baseline 0 -24"><span class='ocrx_word' id='word_1_149' title='bbox 813 2895 911 2968; x_wconf 90' lang='lat' dir='ltr'>B.</span> <span class='ocrx_word' id='word_1_150' title='bbox 963 2895 1317 2990; x_wconf 84' lang='lat' dir='ltr'>Exemplo</span> <span class='ocrx_word' id='word_1_151' title='bbox 1365 2918 1519 2967; x_wconf 91' lang='lat' dir='ltr'>esse</span> <span class='ocrx_word' id='word_1_152' title='bbox 1566 2906 1811 2991; x_wconf 88' lang='lat' dir='ltr'>potest</span> <span class='ocrx_word' id='word_1_153' title='bbox 1855 2894 2011 2990; x_wconf 92' lang='lat' dir='ltr'>ipse</span> <span class='ocrx_word' id='word_1_154' title='bbox 2051 2894 2445 2967; x_wconf 86' lang='lat' dir='ltr'>Wallisius.</span> <span class='ocrx_word' id='word_1_155' title='bbox 2550 2894 2795 2991; x_wconf 89' lang='lat' dir='ltr'>Atque</span> 
     </span>
     <span class='ocr_line' id='line_1_23' title="bbox 714 3007 2794 3104; baseline -0 -23"><span class='ocrx_word' id='word_1_156' title='bbox 714 3010 874 3081; x_wconf 87' lang='lat' dir='ltr'>haec</span> <span class='ocrx_word' id='word_1_157' title='bbox 930 3007 1243 3080; x_wconf 89' lang='lat' dir='ltr'>sufficiat</span> <span class='ocrx_word' id='word_1_158' title='bbox 1294 3018 1588 3080; x_wconf 87' lang='lat' dir='ltr'>notasse</span> <span class='ocrx_word' id='word_1_159' title='bbox 1641 3008 1719 3080; x_wconf 92' lang='lat' dir='ltr'>in</span> <span class='ocrx_word' id='word_1_160' title='bbox 1776 3008 2107 3080; x_wconf 86' lang='lat' dir='ltr'>oratione</span> <span class='ocrx_word' id='word_1_161' title='bbox 2162 3007 2602 3104; x_wconf 87' lang='lat' dir='ltr'>inaugurali,</span> <span class='ocrx_word' id='word_1_162' title='bbox 2655 3008 2794 3081; x_wconf 89' lang='lat' dir='ltr'>nisi</span> 
     </span>
     <span class='ocr_line' id='line_1_24' title="bbox 717 3120 2804 3218; baseline 0 -26"><span class='ocrx_word' id='word_1_163' title='bbox 717 3120 915 3218; x_wconf 92' lang='lat' dir='ltr'>quod</span> <span class='ocrx_word' id='word_1_164' title='bbox 935 3121 1311 3216; x_wconf 80' lang='lat' dir='ltr'>praeterire</span> <span class='ocrx_word' id='word_1_165' title='bbox 1333 3144 1484 3194; x_wconf 89' lang='lat' dir='ltr'>non</span> <span class='ocrx_word' id='word_1_166' title='bbox 1505 3145 1803 3217; x_wconf 88' lang='lat' dir='ltr'>possum</span> <span class='ocrx_word' id='word_1_167' title='bbox 1825 3120 2052 3194; x_wconf 87' lang='lat' dir='ltr'>verba</span> <span class='ocrx_word' id='word_1_168' title='bbox 2072 3120 2265 3193; x_wconf 93' lang='lat' dir='ltr'>illius</span> <span class='ocrx_word' id='word_1_169' title='bbox 2293 3120 2804 3206; x_wconf 63' lang='lat' dir='ltr'>haec—Quod</span> 
     </span>
     <span class='ocr_line' id='line_1_25' title="bbox 717 3233 2797 3332; baseline -0.001 -25"><span class='ocrx_word' id='word_1_170' title='bbox 717 3258 859 3332; x_wconf 83' lang='lat' dir='ltr'>ego</span> <span class='ocrx_word' id='word_1_171' title='bbox 885 3234 1177 3308; x_wconf 81' lang='lat' dir='ltr'>interim</span> <span class='ocrx_word' id='word_1_172' title='bbox 1211 3258 1350 3307; x_wconf 89' lang='lat' dir='ltr'>non</span> <span class='ocrx_word' id='word_1_173' title='bbox 1362 3257 1539 3332; x_wconf 61' lang='lat' dir='ltr'>pro,</span> <span class='ocrx_word' id='word_1_174' title='bbox 1535 3233 1795 3328; x_wconf 85' lang='lat' dir='ltr'>forma</span> <span class='ocrx_word' id='word_1_175' title='bbox 1828 3242 2105 3306; x_wconf 85' lang='lat' dir='ltr'>tantum</span> <span class='ocrx_word' id='word_1_176' title='bbox 2134 3233 2628 3330; x_wconf 65' lang='lat' dir='ltr'>opta—Nam</span> <span class='ocrx_word' id='word_1_177' title='bbox 2641 3257 2797 3332; x_wconf 80' lang='lat' dir='ltr'>pro</span> 
     </span>
    </p>

    <p class='ocr_par' dir='ltr' id='par_1_7' title="bbox 690 3345 2801 3446">
     <span class='ocr_line' id='line_1_26' title="bbox 690 3345 2801 3446; baseline 0.001 -28"><span class='ocrx_word' id='word_1_178' title='bbox 690 3348 965 3446; x_wconf 81' lang='lat' dir='ltr'>forma</span> <span class='ocrx_word' id='word_1_179' title='bbox 1018 3371 1163 3419; x_wconf 84' lang='lat' dir='ltr'>vox</span> <span class='ocrx_word' id='word_1_180' title='bbox 1217 3358 1328 3419; x_wconf 91' lang='lat' dir='ltr'>est</span> <span class='ocrx_word' id='word_1_181' title='bbox 1384 3345 1841 3433; x_wconf 88' lang='lat' dir='ltr'>scholastica,</span> <span class='ocrx_word' id='word_1_182' title='bbox 1902 3370 2051 3419; x_wconf 89' lang='lat' dir='ltr'>non</span> <span class='ocrx_word' id='word_1_183' title='bbox 2099 3347 2384 3420; x_wconf 88' lang='lat' dir='ltr'>Latina.</span> <span class='ocrx_word' id='word_1_184' title='bbox 2489 3347 2801 3443; x_wconf 88' lang='lat' dir='ltr'>Reliqua</span> 
     </span>
    </p>

    <p class='ocr_par' dir='ltr' id='par_1_8' title="bbox 720 3459 2803 3782">
     <span class='ocr_line' id='line_1_27' title="bbox 723 3459 2800 3557; baseline -0 -24"><span class='ocrx_word' id='word_1_185' title='bbox 723 3484 890 3556; x_wconf 87' lang='lat' dir='ltr'>quae</span> <span class='ocrx_word' id='word_1_186' title='bbox 924 3460 1302 3533; x_wconf 91' lang='lat' dir='ltr'>summisse</span> <span class='ocrx_word' id='word_1_187' title='bbox 1337 3459 1507 3555; x_wconf 86' lang='lat' dir='ltr'>legi,</span> <span class='ocrx_word' id='word_1_188' title='bbox 1542 3459 1900 3557; x_wconf 86' lang='lat' dir='ltr'>vulgaria,</span> <span class='ocrx_word' id='word_1_189' title='bbox 1935 3459 2110 3532; x_wconf 85' lang='lat' dir='ltr'>vilia</span> <span class='ocrx_word' id='word_1_190' title='bbox 2160 3483 2317 3534; x_wconf 89' lang='lat' dir='ltr'>esse</span> <span class='ocrx_word' id='word_1_191' title='bbox 2365 3460 2579 3534; x_wconf 84' lang='lat' dir='ltr'>facile</span> <span class='ocrx_word' id='word_1_192' title='bbox 2631 3484 2800 3533; x_wconf 91' lang='lat' dir='ltr'>cum</span> 
     </span>
     <span class='ocr_line' id='line_1_28' title="bbox 720 3571 2803 3670; baseline 0 -24"><span class='ocrx_word' id='word_1_193' title='bbox 720 3574 1015 3669; x_wconf 86' lang='lat' dir='ltr'>legebas</span> <span class='ocrx_word' id='word_1_194' title='bbox 1069 3573 1223 3669; x_wconf 90' lang='lat' dir='ltr'>ipse</span> <span class='ocrx_word' id='word_1_195' title='bbox 1279 3571 1884 3645; x_wconf 88' lang='lat' dir='ltr'>animadvertisti.</span> <span class='ocrx_word' id='word_1_196' title='bbox 1987 3573 2473 3648; x_wconf 87' lang='lat' dir='ltr'>Transeamus</span> <span class='ocrx_word' id='word_1_197' title='bbox 2508 3574 2666 3670; x_wconf 87' lang='lat' dir='ltr'>jam</span> <span class='ocrx_word' id='word_1_198' title='bbox 2707 3572 2803 3647; x_wconf 91' lang='lat' dir='ltr'>ad</span> 
     </span>
     <span class='ocr_line' id='line_1_29' title="bbox 724 3686 1736 3782; baseline -0.002 -22"><span class='ocrx_word' id='word_1_199' title='bbox 724 3686 1128 3782; x_wconf 90' lang='lat' dir='ltr'>Epistolam</span> <span class='ocrx_word' id='word_1_200' title='bbox 1165 3686 1736 3759; x_wconf 89' lang='lat' dir='ltr'>Dedicatoriam.</span> 
     </span>
    </p>

    <p class='ocr_par' dir='ltr' id='par_1_9' title="bbox 728 3797 2806 4348">
     <span class='ocr_line' id='line_1_30' title="bbox 827 3797 2806 3898; baseline 0.002 -29"><span class='ocrx_word' id='word_1_201' title='bbox 827 3798 920 3872; x_wconf 83' lang='lat' dir='ltr'>A.</span> <span class='ocrx_word' id='word_1_202' title='bbox 980 3798 1158 3871; x_wconf 87' lang='lat' dir='ltr'>Cum</span> <span class='ocrx_word' id='word_1_203' title='bbox 1205 3825 1363 3895; x_wconf 85' lang='lat' dir='ltr'>quoe</span> <span class='ocrx_word' id='word_1_204' title='bbox 1418 3799 1492 3871; x_wconf 80' lang='lat' dir='ltr'>in</span> <span class='ocrx_word' id='word_1_205' title='bbox 1525 3797 1905 3896; x_wconf 77' lang='lat' dir='ltr'>publicum</span> <span class='ocrx_word' id='word_1_206' title='bbox 1945 3800 2349 3897; x_wconf 82' lang='lat' dir='ltr'>prodeant,</span> <span class='ocrx_word' id='word_1_207' title='bbox 2397 3825 2549 3898; x_wconf 81' lang='lat' dir='ltr'>pro</span> <span class='ocrx_word' id='word_1_208' title='bbox 2602 3825 2806 3874; x_wconf 84' lang='lat' dir='ltr'>more</span> 
     </span>
     <span class='ocr_line' id='line_1_31' title="bbox 728 3911 2806 4012; baseline 0.002 -29"><span class='ocrx_word' id='word_1_209' title='bbox 728 3912 1042 4001; x_wconf 81' lang='lat' dir='ltr'>scilicet,</span> <span class='ocrx_word' id='word_1_210' title='bbox 1081 3937 1303 4009; x_wconf 83' lang='lat' dir='ltr'>eoque</span> <span class='ocrx_word' id='word_1_211' title='bbox 1336 3912 1530 3984; x_wconf 83' lang='lat' dir='ltr'>satis</span> <span class='ocrx_word' id='word_1_212' title='bbox 1565 3911 1996 4002; x_wconf 81' lang='lat' dir='ltr'>inveterato,</span> <span class='ocrx_word' id='word_1_213' title='bbox 2039 3914 2405 3987; x_wconf 80' lang='lat' dir='ltr'>nonnullis</span> <span class='ocrx_word' id='word_1_214' title='bbox 2439 3914 2806 4012; x_wconf 77' lang='lat' dir='ltr'>inscripta</span> 
     </span>
     <span class='ocr_line' id='line_1_32' title="bbox 730 4024 2804 4123; baseline 0.001 -25"><span class='ocrx_word' id='word_1_215' title='bbox 730 4025 1015 4098; x_wconf 81' lang='lat' dir='ltr'>soleant</span> <span class='ocrx_word' id='word_1_216' title='bbox 1035 4024 1660 4123; x_wconf 77' lang='lat' dir='ltr'>prodire.—Non</span> <span class='ocrx_word' id='word_1_217' title='bbox 1686 4025 2017 4121; x_wconf 84' lang='lat' dir='ltr'>intelligo</span> <span class='ocrx_word' id='word_1_218' title='bbox 2043 4027 2227 4100; x_wconf 89' lang='lat' dir='ltr'>haec.</span> <span class='ocrx_word' id='word_1_219' title='bbox 2329 4028 2449 4101; x_wconf 86' lang='lat' dir='ltr'>An</span> <span class='ocrx_word' id='word_1_220' title='bbox 2477 4027 2599 4100; x_wconf 93' lang='lat' dir='ltr'>ille</span> <span class='ocrx_word' id='word_1_221' title='bbox 2626 4028 2804 4123; x_wconf 90' lang='lat' dir='ltr'>ipse,</span> 
     </span>
     <span class='ocr_line' id='line_1_33' title="bbox 732 4138 2801 4237; baseline -0.001 -24"><span class='ocrx_word' id='word_1_222' title='bbox 732 4140 1019 4237; x_wconf 87' lang='lat' dir='ltr'>quoties</span> <span class='ocrx_word' id='word_1_223' title='bbox 1073 4138 1151 4211; x_wconf 91' lang='lat' dir='ltr'>in</span> <span class='ocrx_word' id='word_1_224' title='bbox 1211 4138 1584 4234; x_wconf 91' lang='lat' dir='ltr'>publicum</span> <span class='ocrx_word' id='word_1_225' title='bbox 1643 4139 1914 4234; x_wconf 86' lang='lat' dir='ltr'>prodit,</span> <span class='ocrx_word' id='word_1_226' title='bbox 1964 4141 2359 4236; x_wconf 89' lang='lat' dir='ltr'>inscriptus</span> <span class='ocrx_word' id='word_1_227' title='bbox 2425 4141 2801 4235; x_wconf 67' lang='grc' dir='ltr'>(ἐπέγμενος)</span> 
     </span>
     <span class='ocr_line' id='line_1_34' title="bbox 730 4253 1031 4348; baseline -0.003 -22"><span class='ocrx_word' id='word_1_228' title='bbox 730 4253 978 4348; x_wconf 89' lang='lat' dir='ltr'>prodit</span> <span class='ocrx_word' id='word_1_229' title='bbox 1005 4253 1031 4325; x_wconf 73' lang='grc' dir='ltr'><strong><em>Ρ</em></strong></span> 
     </span>
    </p>

    <p class='ocr_par' dir='ltr' id='par_1_10' title="bbox 731 4365 2807 4577">
     <span class='ocr_line' id='line_1_35' title="bbox 831 4365 2807 4464; baseline 0.001 -25"><span class='ocrx_word' id='word_1_230' title='bbox 831 4367 928 4439; x_wconf 90' lang='lat' dir='ltr'>B.</span> <span class='ocrx_word' id='word_1_231' title='bbox 981 4366 1099 4440; x_wconf 90' lang='lat' dir='ltr'>Ad</span> <span class='ocrx_word' id='word_1_232' title='bbox 1149 4390 1404 4439; x_wconf 90' lang='lat' dir='ltr'>vocem</span> <span class='ocrx_word' id='word_1_233' title='bbox 1453 4365 1651 4438; x_wconf 89' lang='lat' dir='ltr'>illam</span> <span class='ocrx_word' id='word_1_234' title='bbox 1696 4365 2081 4439; x_wconf 87' lang='lat' dir='ltr'>relativum</span> <span class='ocrx_word' id='word_1_235' title='bbox 2139 4393 2319 4464; x_wconf 81' lang='lat' dir='ltr'>quoe,</span> <span class='ocrx_word' id='word_1_236' title='bbox 2369 4366 2807 4440; x_wconf 89' lang='lat' dir='ltr'>subaudien-</span> 
     </span>
     <span class='ocr_line' id='line_1_36' title="bbox 731 4478 2756 4577; baseline 0.001 -26"><span class='ocrx_word' id='word_1_237' title='bbox 731 4478 906 4551; x_wconf 90' lang='lat' dir='ltr'>dum</span> <span class='ocrx_word' id='word_1_238' title='bbox 943 4492 1055 4553; x_wconf 84' lang='lat' dir='ltr'>est</span> <span class='ocrx_word' id='word_1_239' title='bbox 1087 4504 1221 4575; x_wconf 90' lang='lat' dir='ltr'>pro</span> <span class='ocrx_word' id='word_1_240' title='bbox 1255 4480 1759 4566; x_wconf 88' lang='lat' dir='ltr'>antecedente,</span> <span class='ocrx_word' id='word_1_241' title='bbox 1796 4504 1944 4552; x_wconf 89' lang='lat' dir='ltr'>non</span> <span class='ocrx_word' id='word_1_242' title='bbox 1980 4481 2247 4571; x_wconf 83' lang='lat' dir='ltr'>omnia,</span> <span class='ocrx_word' id='word_1_243' title='bbox 2282 4480 2411 4555; x_wconf 88' lang='lat' dir='ltr'>sed</span> <span class='ocrx_word' id='word_1_244' title='bbox 2437 4481 2756 4577; x_wconf 81' lang='lat' dir='ltr'>scripta.</span> 
     </span>
    </p>
   </div>
  </div>
 </body>
</html>
