3094 5125
673 477 811 544 180
1097 489 1639 542 EXAMINATIO
1681 491 1782 540 m*
1820 488 2314 541 ΕΜΕΝΒΑΤΙΟ

287 685 589 725 manneus
667 656 763 730 ad
823 680 1077 729 arcum
1139 656 1393 729 circuli
1451 657 1585 729 sibi
1643 656 2233 752 respondentem,
2297 667 2380 729 ut
2450 663 2468 728 Ι
2530 655 2624 727 ad
2678 661 2747 726 2.

299 835 312 851 .
409 767 468 806 V·
577 837 585 848 .
671 769 893 845 Quod
928 780 1038 842 est
1069 769 1355 843 falsum.
1669 790 1675 796 ·

762 885 862 957 Β.
916 884 1162 956 Etiam
1195 886 1594 957 confitente
1654 884 2009 971 Wallisio,
2043 883 2273 979 quiin
2321 883 2601 956 scholio
2658 882 2751 954 ad

662 998 1240 1095 propositionem
1274 998 1427 1087 xiii,
1460 1022 1596 1094 per
1641 998 1981 1094 spiralem
2017 997 2426 1093 intelligere
2456 1020 2534 1068 se
2565 996 2744 1069 dicit

666 1136 973 1184 arcuum
1000 1111 1328 1183 omnium
1362 1111 1651 1182 infinite
1689 1134 2079 1206 parvorum
2106 1122 2611 1206 aggregatum.

769 1225 865 1297 A.
922 1225 1069 1298 Sed
1094 1224 1170 1296 in
1207 1223 1707 1320 propositione
1728 1224 1868 1295 hac
1898 1223 2224 1319 loquitur
2251 1222 2635 1296 manifeste
2659 1223 2749 1295 de

667 1336 917 1433 spirali
946 1335 1314 1432 descripta
1334 1337 1425 1408 ab
1448 1335 1917 1408 Archimedffl
1989 1335 2536 1430 Propositiones
2573 1358 2749 1429 ergo

667 1450 765 1539 vi,
815 1449 941 1538 vii,
992 1449 1144 1536 viii,
1190 1449 1288 1537 ix,
1331 1472 1402 1535 X,
1451 1448 1552 1536 xi,
1600 1446 1731 1534 xii,
1780 1447 1931 1535 xiii,
1990 1463 2163 1520 sunt
2198 1448 2423 1537 falsae,
2472 1458 2556 1520 ut
2582 1472 2748 1542 quae

669 1563 763 1636 ab
797 1563 938 1635 hac
973 1561 1420 1658 dependent.
1526 1560 1917 1649 Praeterea,
1956 1585 2176 1657 quam
2212 1561 2610 1634 absurdum
2637 1574 2753 1633 est

668 1675 963 1761 lineam,
1024 1687 1483 1748 constantem
1549 1698 1639 1747 ex
1700 1674 2006 1747 infinitis
2068 1697 2373 1747 numero
2434 1675 2749 1747 arcubus

669 1789 957 1862 infinite
991 1789 1260 1885 parvis,
1299 1788 1667 1885 appellare
1725 1787 2109 1884 spiralem!
2215 1789 2403 1863 Quae
2437 1788 2496 1860 si
2538 1812 2749 1884 regu-

665 1904 922 1978 lariter
955 1904 1106 1977 sive
1142 1903 1460 1999 regulari
1495 1913 1700 1976 motu
1734 1912 2149 1998 generetur,
2177 1901 2588 1974 necessario
2612 1901 2752 1973 erit

665 2040 880 2091 arcus
916 2016 1194 2090 circuli.
1299 2016 1560 2111 Itaque
1595 2015 1818 2088 etiam
1864 2014 2403 2110 propositiones
2455 2014 2602 2103 xiV,
2629 2038 2749 2100 XV,

665 2131 811 2219 xvi,
872 2131 1045 2220 xvii,
1092 2129 1294 2217 xviii,
1357 2152 1523 2223 quae
1598 2126 2005 2200 fundantur
2070 2150 2289 2223 super
2345 2127 2534 2199 hanc
2594 2128 2750 2223 ejus

666 2243 953 2340 spiralis
987 2239 1695 2337 interpretationem,
1734 2251 1907 2312 sunt
1963 2262 2216 2311 omnes
2269 2237 2495 2312 falsae.
2599 2239 2750 2311 Ne-

666 2380 807 2451 que
838 2356 1082 2428 ductae
1116 2378 1162 2427 a
1195 2364 1450 2426 centro
1486 2350 1584 2423 ad
1615 2352 1931 2447 aequales
1966 2352 2129 2426 illos
2165 2354 2469 2449 exiguos
2504 2377 2749 2440 arcuS‚

665 2482 884 2542 erunt
918 2467 1380 2541 arithmetice
1415 2466 2024 2562 proportionales.
2109 2467 2554 2564 Comparata
2588 2470 2749 2541 haec

665 2581 762 2654 ad
795 2582 1175 2678 sequentia
1206 2581 1605 2654 leviuscula
1638 2594 1831 2654 sunt.

769 2695 867 2768 B.
920 2697 1035 2768 An
1109 2696 1315 2790 pejus
1385 2695 1459 2767 in
1522 2695 1928 2790 geometria
1990 2719 2149 2769 esse
2198 2686 2489 2792 potest,
2525 2719 2749 2791 quam

665 2808 908 2882 facere
968 2808 1310 2905 spiralem
1364 2820 1703 2881 constare
1765 2831 1853 2880 ex
1915 2808 2231 2880 arcubus
2290 2808 2573 2896 circuli,
2625 2810 2753 2881 iis-

668 2925 978 3021 demque
1012 2947 1057 2996 a
1104 2923 1323 2996 rectis
1368 2947 1409 2995 e
1470 2935 1725 2996 centro
1787 2922 2215 3018 interceptis
2284 2921 2748 2995 arithmetice

665 3037 1358 3134 proportionalibuS‚
1414 3036 1686 3133 quique
1756 3035 1975 3120 etiam
2037 3035 2355 3130 aequales
2418 3035 2750 3108 efficiunt

664 3150 1022 3247 angulos?

762 3262 855 3338 A.
911 3265 1107 3338 Satis
1143 3262 1438 3359 quidem
1474 3261 1791 3336 absurda
1844 3263 1971 3335 illa
2023 3271 2217 3336 sunt.
2324 3261 2470 3335 Sed
2504 3262 2750 3335 videa-

664 3402 826 3451 mus
855 3390 932 3452 et
966 3377 1151 3467 haec,
1186 3376 1714 3474 propositionis
1749 3376 1873 3448 xix
1927 3376 2312 3447 lemma.—
2325 3374 2421 3447 Si
2457 3397 2748 3472 propo-

662 3501 888 3567 natur
914 3490 1153 3563 series
1177 3489 1669 3585 quantitatum
1689 3488 1765 3561 in
1787 3487 2176 3585 duplicata
2199 3488 2496 3561 ratione
2514 3486 2751 3559 arith-

663 3603 919 3681 metice
939 3601 1642 3701 proportionalium,
1668 3603 1820 3675 sive
1839 3604 2072 3698 juxta
2103 3602 2371 3674 seriem
2412 3625 2747 3674 numero-

662 3739 825 3788 rum
857 3713 1464 3812 quadratio-orum
1497 3715 1831 3788 continue
1865 3713 2368 3802 crescentium,
2392 3738 2441 3786 a
2462 3723 2746 3811 puncto

661 3829 781 3902 vel
811 3837 859 3903 0
896 3826 1423 3918 inchoatarum,
1461 3837 1541 3901 ut
1594 3837 1666 3918 0,
1708 3836 1769 3916 1,
1800 3836 1870 3916 4,
1903 3838 1974 3918 9,
2020 3835 2135 3916 16,
2176 3836 2294 3899 etc
2321 3854 2349 3899 .·
2386 3827 2746 3925 proposi-

663 3953 809 4016 tum
854 3942 957 4015 sit
1011 3940 1388 4037 inquirere
1437 3966 1657 4039 quam
1711 3940 1984 4014 habeat
2039 3940 2177 4013 illa
2233 3940 2592 4012 rationem
2645 3941 2755 4012 ad

661 4057 922 4130 seriem
960 4052 1265 4128 totidem
1300 4054 1639 4127 maximoe
1685 4052 2098 4150 cequalium.
2203 4053 2383 4125 Fiat
2444 4051 2743 4124 investi-

656 4170 876 4267 gatio
923 4191 1073 4267 per
1127 4166 1410 4240 modum
1463 4165 1936 4257 inductionis,
1972 4177 2054 4240 ut
2108 4168 2184 4240 in
2225 4164 2746 4264 propositione

649 4288 931 4384 prima.
1038 4284 1365 4383 Eritque
