3094 5125
284 637 418 678 cAP.
450 638 490 678 1.

218 768 287 812 De
306 769 534 826 gravitate.

614 431 758 497 312
1163 442 1725 495 PROBLEMATA
1760 443 2151 499 Panch.

613 634 796 707 opus
850 609 947 682 sit
993 610 1238 707 capiat
1291 611 1502 685 aeris.
1608 612 1696 685 In
1752 636 1975 687 causa
2015 625 2265 687 autem
2310 624 2449 703 est,
2495 612 2698 709 qnod

611 735 900 798 tantum
954 723 1062 797 illi
1097 724 1289 798 inest
1336 725 1546 815 aeriS,
1581 737 1666 799 ut
1711 737 1951 800 totum
2011 726 2227 799 simul
2272 750 2401 799 vas
2445 737 2521 798 et
2566 748 2696 798 aer

610 836 898 910 facilius
933 861 978 910 a
1009 848 1210 910 terra
1242 838 1449 933 rejici
1483 839 1741 935 possit,
1775 863 1995 936 quam
2030 839 2258 912 moles
2294 863 2504 935 aquae
2538 862 2696 911 am-

609 950 844 1023 bobus
879 949 1198 1046 aequalis.

715 1061 814 1134 A.
870 1061 1088 1134 Unde
1129 1063 1216 1135 fit
1267 1073 1352 1134 ut
1403 1063 1670 1159 piscis:
1724 1064 2042 1137 maxime
2092 1087 2269 1137 vero
2321 1063 2447 1160 qui
2479 1061 2695 1136 valde

611 1176 805 1249 latus
840 1176 1225 1272 tenuisque
1261 1176 1383 1264 sit,
1409 1189 1495 1250 ut
1528 1201 1781 1273 passer
1814 1187 1890 1250 et
1922 1178 2312 1251 rhombus:
2349 1176 2428 1249 in
2461 1175 2692 1249 fundo

614 1290 835 1362 maris
870 1300 1078 1363 tanto
1114 1313 1324 1387 aquae
1357 1290 1682 1387 pondere
1733 1289 2224 1363 incumbentis
2276 1312 2691 1386 oppressnS,

611 1427 759 1475 non
793 1402 1100 1500 pereat?

711 1516 808 1589 B.
866 1516 1061 1591 Quia
1091 1516 1350 1612 gravia
1385 1515 1634 1589 omnia
1667 1517 1982 1590 tendunt
2016 1516 2111 1589 ad
2165 1515 2369 1612 globi
2421 1525 2691 1588 terres-

610 1629 746 1702 tris
806 1640 1165 1702 centrum.
1302 1630 1494 1702 Nam
1550 1653 1596 1701 a
1657 1628 2010 1702 descensu
2067 1629 2387 1725 partium
2443 1629 2691 1724 gravis

609 1742 818 1815 fluidi
853 1742 1111 1815 eodem
1148 1754 1478 1839 tempore
1512 1743 1839 1815 omnium
1873 1765 2125 1814 versus
2175 1766 2405 1814 unum
2459 1765 2692 1837 punc-

611 1869 794 1945 tum,
832 1857 1243 1929 necessario
1273 1857 1508 1929 oritur
1535 1856 1800 1952 ubique
1836 1854 2373 1928 concameratio
2401 1855 2569 1927 talis
2605 1867 2692 1928 ut

608 1993 778 2065 pars
812 1971 1144 2065 superior
1177 1970 1595 2042 inferiorem
1623 1991 1953 2063 premere
1988 1992 2136 2040 non
2171 1967 2427 2064 possit.

709 2080 799 2153 A.
857 2082 1415 2157 Concameratio
1444 2083 1699 2155 similis
1735 2106 1866 2155 cur
1898 2105 2047 2154 non
2083 2082 2159 2154 in
2194 2105 2362 2155 aere
2399 2105 2690 2178 quoque

612 2207 724 2268 est
755 2194 780 2266 Ρ

712 2308 810 2382 B.
868 2308 1026 2382 Est.

710 2421 808 2494 A.
864 2421 1256 2497 Quomodo
1304 2444 1482 2517 ergo
1524 2420 1632 2511 (id
1680 2420 1879 2516 quod
1935 2446 1980 2494 a
2021 2421 2473 2518 philosophis
2526 2420 2690 2517 qui-

608 2534 918 2609 busdam
987 2558 1028 2607 e
1086 2534 1463 2608 Societate
1538 2533 2051 2608 Greshamensi
2128 2534 2503 2622 scribitur)
2565 2556 2691 2607 aer

607 2647 912 2721 inferior
945 2672 991 2720 a
1024 2647 1396 2743 superiore
1446 2648 1865 2743 gravitante
1922 2649 2454 2744 comprimitur,
2492 2646 2689 2720 unde

608 2761 784 2834 oriri
820 2760 1076 2832 scribit
1110 2761 1298 2832 aeris
1333 2761 1702 2855 quandam
1736 2761 1884 2835 vim
1920 2761 2344 2835 elasticam?
2420 2762 2539 2834 An
2563 2784 2689 2833 aer

606 2896 835 2970 prope
862 2884 1158 2961 terram,
1196 2871 1524 2968 impurus
1544 2897 1677 2971 per
1700 2873 2117 2947 commistae
2138 2873 2245 2946 illi
2265 2873 2688 2970 particulaS‚

607 2987 897 3060 dicetur
929 2986 1344 3083 gravitate?

710 3101 808 3174 B.
864 3101 1063 3176 Quid
1099 3101 1160 3174 si
1195 3124 1404 3197 aquae
1440 3099 1697 3173 oceani
1731 3099 2061 3196 permisti
2114 3113 2360 3174 essent
2413 3101 2689 3198 pulvis-

608 3214 753 3287 culi
821 3225 1077 3288 terrae:
1129 3239 1225 3287 an
1285 3213 1452 3288 ideo
1507 3215 1742 3311 pisces
1802 3214 1879 3286 in
1935 3238 2024 3287 ea
2075 3238 2266 3310 aqua
2323 3215 2688 3310 opprime-

606 3337 865 3400 rentur
888 3325 913 3399 ἒ

705 3439 796 3512 A.
852 3439 1158 3513 Minime
1193 3439 1511 3536 quidem,
1549 3439 1724 3513 dum
1774 3439 2014 3536 pulvis
2069 3439 2215 3528 ille,
2251 3440 2391 3512 etsi
2451 3439 2688 3535 plum-

606 3555 811 3643 beus,
848 3553 939 3625 ab
976 3578 1166 3649 aqua
1201 3565 1652 3627 sustentatus
1686 3553 1953 3626 fluitat.

709 3667 808 3740 B.
864 3666 1009 3739 Sed
1067 3667 1361 3739 fluitant
1428 3690 1593 3763 quae
1648 3679 1820 3739 sunt
1867 3666 1944 3738 in
2004 3689 2171 3738 aere
2218 3664 2370 3738 sive
2418 3676 2688 3741 atmos-

605 3781 858 3878 phaera
911 3780 1139 3852 atomi
1193 3792 1431 3853 terrae.
1555 3780 1811 3875 Itaque
1871 3779 1997 3876 qui
2046 3779 2151 3851 sic
2207 3778 2685 3874 scripserunt,

606 3918 753 3966 non
791 3894 965 3968 satis
998 3893 1106 3965 rei
1132 3904 1474 3966 naturam
1511 3893 1988 3989 contemplati
2021 3904 2218 3965 sunt.

707 4008 805 4081 A.
858 4008 1017 4080 Tua
1044 4006 1227 4096 haec,
1264 4006 1415 4078 sive
1467 4029 1640 4079 vera
1674 4005 1823 4078 sive
1870 4004 2079 4093 falsa,
2115 4004 2484 4102 specimen
2532 4006 2687 4079 veri

605 4133 803 4193 certe
830 4120 1128 4193 habent.
1230 4120 1328 4193 Et
1362 4119 1708 4215 quoniam
1743 4142 1958 4192 nemo
1985 4142 2281 4192 causam
2300 4121 2715 4215 gravitatis

602 4233 827 4306 ullam
861 4234 1218 4307 hactenus
1255 4233 1653 4329 assignavit
1673 4243 1940 4329 praeter
1961 4233 2194 4332 ipsam
2219 4233 2683 4330 gravitatem,

604 4347 748 4419 tuis
785 4348 860 4419 in
889 4349 1277 4442 praesentia
1309 4346 1794 4445 acquiescam.
