3094 5125
966 484 1528 539 PROBLEMATA
1565 485 1952 541 Panch.
2358 470 2496 537 331

513 650 614 723 B.
665 649 978 748 Decepit
1012 664 1089 727 te
1121 654 1513 750 phantasia
1543 666 1698 731 tua.
1803 656 1884 731 Si
1909 654 2257 729 baculum
2285 675 2508 726 manu

410 771 692 853 tenenS,
721 765 930 861 cujus
958 766 1052 840 sit
1085 766 1323 863 ignita
1348 791 1520 863 pars
1545 781 1878 844 extrema
1900 780 1988 843 ut
2014 767 2282 855 luceat,
2305 765 2508 839 illam

411 876 763 951 velociter
797 900 1118 968 moveas,
1157 880 1399 979 sitque
1432 896 1680 957 motus
1715 883 1840 957 ille
1880 880 2282 969 circularis,
2310 879 2510 953 vide-

411 991 617 1065 bitur
649 993 975 1067 circulus
1010 995 1128 1067 vel
1164 1018 1378 1069 arcus
1416 996 1672 1072 circuli
1725 996 2004 1093 ignitus
2037 1027 2056 1080 ;
2112 995 2227 1069 sin
2262 1005 2508 1066 motus

414 1105 510 1179 sit
545 1117 821 1196 rectuS,
857 1106 1055 1180 linea
1102 1122 1309 1182 recta
1367 1109 1611 1205 ignea,
1663 1112 1900 1206 major
1936 1110 2052 1182 vel
2094 1109 2337 1181 minor
2369 1129 2507 1203 pro

416 1219 706 1293 ratione
739 1220 1152 1294 velocitatis
1179 1232 1258 1296 et
1291 1222 1513 1318 spatii
1550 1223 1748 1320 quod
1768 1223 2260 1320 percurritur:
2299 1221 2509 1316 cnjus

412 1332 519 1405 rei
556 1355 856 1407 causam
894 1334 1075 1407 satis
1109 1335 1332 1408 nosti.

510 1445 610 1520 A.
665 1447 977 1521 Causam
1023 1460 1206 1544 puto
1264 1473 1448 1539 esse,
1496 1449 1697 1547 quod
1751 1458 1999 1522 motus
2044 1449 2137 1522 ab
2201 1449 2509 1545 impres-

413 1559 617 1633 sione
697 1562 939 1657 prima
1004 1562 1084 1634 in
1157 1585 1438 1658 organo
1509 1562 1803 1636 duravit
1869 1585 2103 1657 usque
2172 1560 2348 1634 dum
2414 1560 2507 1633 ab

415 1673 707 1769 objecto
741 1674 915 1769 igne
952 1685 1156 1748 totus
1191 1675 1537 1764 circuluS,
1573 1676 1692 1748 vel
1727 1685 1890 1748 tota
1913 1675 2111 1748 linea
2144 1684 2346 1747 recta
2382 1672 2509 1746 de-

415 1787 691 1884 scripta
738 1798 951 1860 esset.
1055 1788 1167 1860 Ex
1222 1812 1371 1884 quo
1419 1788 1920 1862 necessarium
1966 1798 2150 1877 erat,
2185 1798 2272 1860 ut
2315 1786 2513 1882 ignis

411 1900 536 1974 ille
569 1900 646 1974 in
671 1901 1010 1974 omnibus
1041 1899 1278 1990 lineae,
1302 1901 1453 1974 sive
1479 1912 1705 1975 rectae
1738 1900 1890 1973 sive
1919 1924 2186 1988 curvae,
2214 1900 2512 1996 punctis

414 2013 630 2088 simul
663 2014 1060 2103 videretur,
1095 2038 1265 2087 cum
1290 2015 1383 2087 ab
1411 2014 1614 2088 omni
1645 2026 1859 2111 parte
1894 2037 2189 2089 sensum
2223 2036 2513 2109 semper

414 2126 796 2224 aequaliter
816 2126 1198 2201 excitaret.

516 2240 615 2315 B.
674 2240 993 2314 Causam
1031 2240 1267 2337 ipsam
1303 2238 1576 2313 dixisti.
1668 2240 2007 2315 Scintilla
2030 2238 2250 2335 igniS,
2288 2239 2513 2313 etiam

414 2354 720 2429 minima
752 2353 1079 2444 visibilis,
1113 2353 1466 2427 velociter
1511 2354 1921 2429 ascendens
1969 2353 2268 2427 videtur
2321 2353 2518 2426 linea

415 2469 652 2566 ignea.
760 2468 1071 2564 Propter
1126 2467 1444 2540 eundem
1489 2467 1698 2541 illum
1751 2479 2038 2542 motum
2074 2490 2293 2564 quem
2349 2490 2520 2562 sup-

414 2582 655 2677 posui,
700 2581 998 2657 videtur
1051 2582 1274 2655 etiam
1331 2582 1570 2656 latior.
1678 2584 1776 2657 Et
1830 2593 2227 2680 propterea
2280 2581 2520 2655 omnis

416 2696 712 2768 flamma
738 2697 1149 2769 necessario
1184 2709 1491 2792 apparet
1524 2698 1762 2771 multo
1798 2698 2058 2793 major,
2101 2695 2313 2792 (puto
2354 2695 2522 2793 plus

424 2833 647 2906 quam
682 2808 958 2883 centies
991 2811 1274 2905 major),
1311 2834 1534 2904 quam
1570 2822 1687 2884 est
1734 2833 1999 2906 corpus
2033 2810 2276 2905 ipsum
2320 2809 2519 2883 unde

424 2922 597 2997 exit.

525 3035 620 3111 A.
680 3034 1035 3109 Scintillae
1058 3035 1237 3132 quid
1272 3035 1494 3109 sunt?

521 3150 621 3224 B.
680 3148 871 3222 Sunt
902 3147 1114 3244 ligni,
1151 3148 1271 3222 vel
1319 3151 1822 3245 cujuscunque
1855 3147 2187 3244 corporis
2235 3148 2523 3220 infiam-

421 3262 628 3353 mati,
684 3261 1177 3336 minutissima
1217 3262 1499 3337 frusta:
1556 3285 1723 3357 quae
1774 3261 2011 3335 frusta
2062 3285 2108 3334 a
2139 3271 2348 3334 motu
2390 3260 2520 3335 illo

421 3379 742 3475 primum
779 3375 1192 3472 eriguntur,
1230 3374 1496 3450 deinde
1549 3375 2046 3471 effringuntur
2103 3383 2178 3447 et
2224 3374 2523 3448 evolant

424 3515 593 3564 cum
628 3514 796 3563 aere
829 3513 980 3563 una
1005 3488 1473 3564 ascendente.
1585 3488 1734 3563 Sed
1769 3499 2166 3586 antequam
2201 3488 2521 3574 evolant,

427 3604 491 3676 si
523 3603 718 3699 ignis
752 3603 1257 3699 extinguatur,
1293 3613 1541 3698 partes
1574 3602 1721 3675 illae
1756 3614 2024 3676 erectae
2059 3626 2197 3676 nec
2244 3612 2523 3674 evectae

424 3727 767 3790 naturam
828 3716 1105 3789 habent
1149 3714 1523 3811 fuliginis:
1581 3728 1655 3790 et
1717 3727 1891 3789 sunt
1950 3714 2521 3802 combustibileS,

429 3826 508 3902 id
533 3840 671 3918 est,
701 3828 1163 3924 dissipabiles
1200 3828 1278 3901 in
1311 3829 1550 3902 frusta
1582 3829 1827 3903 adhuc
1861 3827 2282 3901 minutiora.

528 3940 626 4015 A.
684 3941 929 4014 Etiam
983 3965 1024 4015 e
1081 3940 1561 4038 frigidissimo
1620 3942 1865 4040 lapide
1916 3940 2226 4015 extundi
2279 3949 2526 4035 potest

428 4053 748 4128 scintilla
804 4053 1079 4128 lucens.
1188 4055 1361 4128 Non
1396 4055 1692 4128 videtur
1719 4079 1896 4151 ergo
1934 4054 2173 4129 omnis
2208 4051 2529 4126 scintilla

426 4177 735 4262 propter
769 4166 1088 4239 calorem
1123 4167 1655 4265 splendescere.

525 4276 622 4350 B.
679 4279 888 4351 Non:
926 4278 1079 4369 sed,
1108 4292 1195 4354 ut
1222 4281 1375 4355 dixi
1403 4292 1601 4371 ante,
1631 4280 1822 4354 calet
1842 4289 1919 4354 et
1943 4276 2281 4376 splendet
2305 4302 2527 4375 prop-

376 4472 382 4478 ,
429 4400 546 4466 ter
584 4391 793 4465 illum
828 4413 1047 4484 quem
1081 4392 1301 4467 toties
1349 4393 1501 4467 dixi
1552 4405 1858 4468 motum.
1967 4393 2221 4465 Motus
2278 4403 2526 4465 autem

2600 674 2738 714 cAP.
2769 673 2853 713 lv.

2588 741 2877 776 5-—Y—-ae

2613 804 2683 849 De
2704 804 2850 848 calore

2610 875 2655 913 et
2672 870 2788 914 luce.
