3094 5125
661 491 792 558 184
1083 507 1620 561 ΕΧΑΜῙΝΑΤιο
1661 509 1765 561 ET
1802 509 2299 562 ΕΜΕΝοΑΤιο

279 697 574 738 υιΑιοουε
653 670 1011 744 rationem
1069 672 1517 772 subtriplum
1579 676 1687 748 ita
1756 677 2093 750 continuo
2176 678 2568 769 minuatur,
2647 689 2736 752 ut

403 779 458 817 v.
654 785 951 858 tandem
987 788 1233 883 quovis·
1273 788 1728 886 assignabili
1766 790 2000 863 minor
2034 792 2328 882 evadat,
2364 800 2442 864 ut
2458 801 2681 889 patet
2701 819 2734 863 .-

651 897 724 968 εἰ
758 898 833 970 in
871 899 1227 994 infinitum
1253 904 1746 1000 procedatur,
1769 926 2099 1000 prorsus
2129 905 2556 978 evanituras
2590 914 2737 978 est-

655 1010 1035 1109 Adeoque,
1087 1015 1156 1085 si
1209 1016 1404 1110 (quae
1440 1027 1553 1088 est
1602 1015 2000 1112 propositio
2036 1018 2191 1109 xxi)
2248 1029 2732 1117 proponatur

652 1123 886 1196 series
930 1125 1216 1220 infinita
1278 1129 1772 1224 quantitatum
1833 1130 1910 1202 in
1985 1130 2378 1228 duplicata
2434 1132 2734 1204 ratione

654 1236 1117 1311 arithmetice
1194 1241 1883 1338 prqoortionalium,
1967 1243 2125 1315 sive
2172 1246 2405 1339 juata
2463 1244 2733 1316 seriem

653 1374 1109 1423 numerorum
1151 1353 1783 1449 quadraticorum,
1839 1355 2175 1428 continue
2225 1357 2727 1446 crementium,

655 1487 704 1533 a
746 1474 1030 1561 puncto
1073 1464 1230 1537 sive
1264 1468 1309 1538 Ο
1346 1465 1853 1539 inchoatarum
1879 1495 1911 1550 ,·
1960 1468 2110 1540 erit
2144 1467 2277 1543 illa
2313 1471 2423 1545 ad
2462 1469 2734 1543 seriem

654 1575 957 1648 totidem
993 1577 1324 1650 maximoe
1358 1579 1765 1676 aequalium,
1803 1590 1884 1652 ut
1931 1590 1955 1653 l
2003 1581 2114 1654 ad
2160 1591 2230 1655 3.

750 1689 848 1761 B.
952 1689 1260 1762 Videtur
1294 1715 1469 1764 sane
1503 1716 1881 1765 excessum
1915 1695 2242 1783 rationiS‚
2278 1696 2339 1767 si
2373 1707 2734 1792 perpetuo

653 1803 1051 1891 minuatur,
1082 1804 1348 1877 debere
1387 1804 1688 1877 tandem
1733 1830 2209 1890 evanescere;
2262 1808 2519 1880 saltem
2572 1820 2730 1882 tam

653 1918 994 2013 exiguum
1050 1942 1228 2007 esse,
1283 1929 1366 1991 ut
1423 1920 1691 1992 nullius
1744 1919 2044 1992 deberet
2096 1944 2255 1994 esse
2309 1921 2729 1995 considera-

651 2031 895 2105 tionis,
1035 2033 1287 2128 Itaque
1355 2044 1707 2127 pereunte
1766 2057 2067 2107 excessu
2128 2036 2433 2108 rationis
2506 2059 2732 2132 supra

652 2145 1108 2241 subtriplum,
1145 2146 1597 2241 relinquetur
1631 2148 1932 2240 praecise
1967 2148 2343 2244 subtripla.

752 2258 850 2329 Α.
907 2259 1020 2330 Ita
1086 2270 1309 2345 certe,
1372 2257 1511 2329 nisi
1580 2281 1728 2330 una
1787 2273 2201 2333 crescerent
2276 2261 2732 2357 quantitates

650 2396 1118 2479 comparatae.
1233 2382 1425 2455 Vide
1494 2384 1755 2456 seriem
1822 2385 2135 2480 primam
2195 2371 2315 2434 ⁰—*¹
2459 2387 2726 2460 Nonne

649 2500 1001 2595 majorem
1068 2500 1433 2574 rationem
1516 2501 1740 2575 habet
1800 2512 1849 2577 0
1884 2515 1941 2575 ÷
1974 2513 2000 2577 1
2061 2503 2157 2577 ad
2205 2451 2338 2578 ¹1*ss
2374 2514 2434 2595 Ι,
2505 2529 2733 2601 quam

662 2622 688 2685 l
719 2612 815 2684 ad
845 2621 914 2701 3,
952 2612 1028 2685 id
1061 2624 1196 2699 est,
1235 2637 1452 2709 quam
1490 2615 1679 2687 ratio
1714 2616 2121 2712 subtripla?

756 2726 847 2797 B.
903 2726 1020 2798 Ita
1053 2727 1371 2821 quidem,
1407 2728 1536 2800 sed
1588 2740 1692 2818 ut,
1730 2730 1981 2803 addita
2014 2730 2111 2804 ad
2157 2744 2725 2827 consequentem

646 2840 957 2929 unitate,
993 2851 1185 2913 esset
1220 2842 1600 2938 subtripla.

2141 2957 2163 2987 o
2184 2956 2219 2990 -l-
2248 2957 2261 2987 1
2288 2953 2324 2991 4-
2348 2957 2368 2988 4

751 2967 846 3039 A.
903 2967 1210 3057 Deinde,
1234 2967 1399 3040 vide
1427 2968 1687 3040 seriem
1715 2969 2107 3042 secundam
2141 3033 2161 3064 ⁴
2185 3032 2219 3067 ÷
2245 3035 2264 3064 ⁴
2287 3032 2323 3067 ÷
2349 3028 2401 3065 ⁴·
2457 2969 2729 3044 Nonne

649 3085 836 3156 ratio
873 3084 1082 3156 seriei
1129 3085 1524 3157 crescentis
1557 3094 1601 3156 5
1638 3086 1733 3158 ad
1773 3086 2035 3158 seriem
2082 3089 2562 3161 maximarum
2609 3097 2723 3175 12,

649 3199 882 3293 major
915 3211 1028 3269 est
1064 3221 1281 3292 quam
1317 3197 1674 3293 subtripla
1705 3197 1730 3269 ἓ

746 3311 843 3382 Β.
896 3311 1161 3383 Etiam.
1235 3311 1354 3382 Ita
1389 3335 1560 3382 vero
1595 3322 1702 3399 ut,
1739 3310 1989 3384 addito
2024 3311 2118 3384 ad
2153 3324 2725 3409 consequentem

648 3447 953 3495 numero
990 3433 1060 3512 3,
1095 3424 1226 3495 fiat
1261 3423 1638 3518 subtripla.

749 3538 845 3609 A.
901 3536 1378 3608 Manifestum
1413 3560 1589 3632 ergo
1624 3547 1761 3625 est,
1798 3536 1859 3607 si
1894 3536 2337 3632 procedatur
2369 3538 2446 3610 in
2482 3537 2727 3611 infini-

647 3662 830 3737 tum,
866 3672 1209 3720 numerus
1245 3649 1730 3720 crescentium
1769 3649 1999 3743 major
2036 3650 2175 3722 erit
2211 3674 2516 3723 numero
2553 3652 2724 3723 sub-

647 3761 869 3858 triplo
896 3761 1372 3833 maximarum
1399 3793 1416 3844 3
1454 3762 1739 3855 eritque
1763 3785 2099 3834 excessus
2127 3786 2469 3835 numerus
2491 3766 2729 3859 major

647 3900 869 3973 quam
900 3887 984 3947 ut
1018 3873 1249 3970 possit
1283 3873 1451 3946 dici.
1556 3874 1874 3946 Tantum
1930 3875 2137 3948 abest
2183 3889 2266 3949 ut
2304 3876 2524 3949 series
2567 3900 2726 3949 cre-

649 3990 1034 4072 scentium,
1069 3986 1535 4083 quantumvis
1571 3987 2058 4081 procedendo,
2097 3991 2327 4084 possit
2361 4014 2519 4064 esse
2554 3991 2723 4064 sub-

646 4105 867 4199 tripla
902 4102 1114 4174 seriei
1151 4100 1654 4172 maximarum.

750 4216 845 4288 B.
902 4216 1126 4287 Error
1160 4226 1270 4286 est
1303 4213 1958 4286 manifestissimus,

744 4328 836 4400 A.
893 4330 1001 4401 Ex
1057 4329 1555 4425 propositione
1614 4328 1750 4400 hac
1807 4328 2220 4424 dependent
2286 4354 2436 4403 non
2505 4331 2725 4403 modo

642 4467 896 4516 omnes
955 4456 1340 4540 sequentes
1396 4466 1625 4539 usque
1687 4443 1781 4515 ad
1839 4451 1956 4535 39,
2006 4443 2134 4517 sed
2192 4444 2407 4517 etiam
2471 4468 2724 4518 omnes
