3094 5125
1068 495 1734 549 GEOMETRARUM.
2288 481 2435 547 403

356 679 520 729 rum
587 682 739 732 non
805 661 1109 756 negabit
1177 661 1530 759 angulum
1595 661 1868 734 habere
1923 649 2432 756 quantitatem,
2511 689 2645 729 cst.
2667 688 2798 728 vm.

355 793 595 865 neque
631 771 811 845 duas
849 774 1299 869 quantitates
1341 773 1700 871 (ejusdem
1745 772 2036 868 generis
2080 772 2428 869 proximi)
2516 758 2800 874 ζῶ

356 885 796 980 compositas
817 887 1087 960 habere
1109 889 1595 983 quantitatem
1615 886 1829 958 unius
1856 885 2175 980 duplam,
2200 909 2435 981 neque

243 1020 246 1023 ’
358 995 541 1070 duos
577 999 884 1094 angulos
917 999 1142 1088 ACD,
1164 1000 1356 1073 ACE
1384 1023 1541 1072 esse
1566 1022 1737 1072 vere
1772 999 2080 1094 angulos
2108 997 2436 1094 ejusdem

355 1111 671 1205 generis,
778 1112 1169 1186 Quomodo
1204 1137 1381 1209 ergo
1416 1112 1719 1209 negabit
1768 1112 1949 1185 duas
2004 1124 2242 1184 rectas
2280 1111 2433 1200 CD,

359 1221 479 1296 ΟΕ
515 1223 965 1297 constituere
1004 1225 1187 1299 duos
1221 1225 1526 1322 angulos
1562 1238 1825 1313 rectOS,
1862 1225 2013 1297 sive
2046 1248 2275 1297 unum
2310 1249 2434 1298 an-

355 1336 608 1433 gulum
644 1337 829 1410 recti
878 1337 1235 1435 duplum?
1341 1338 1742 1412 Continent
1788 1360 1963 1434 ergo
2012 1336 2177 1411 duae
2211 1350 2435 1411 rectae

359 1450 511 1540 OD,
564 1450 713 1538 CE,
769 1475 1190 1548 quanquam
1263 1453 1341 1526 in
1404 1452 1764 1526 directum
1823 1451 2201 1524 collocatae
2269 1452 2436 1539 sint,

356 1564 732 1660 angulum.

459 1677 862 1767 Postrem0,
925 1678 1217 1753 Clavius
1288 1679 1792 1752 definitionem
1857 1677 2050 1750 hanc
2110 1675 2436 1751 Euclidis

357 1813 726 1886 exponens
763 1792 866 1864 sic
902 1793 1202 1865 scribit:
1256 1796 1305 1830 “
1327 1793 1682 1866 Consistit
1727 1799 1974 1863 autem
2024 1790 2273 1885 anguli
2310 1813 2439 1863 cu-

351 1904 583 1999 jusvis
612 1904 982 2000 quantitas
1007 1906 1083 1978 in
1115 1906 1268 1978 sola
1301 1905 1801 1992 inclinatione,
1829 1904 2087 1977 nonin
2120 1903 2441 1998 longitu-

362 2017 557 2108 dine,
624 2019 1025 2092 linearum:
1096 2020 1308 2092 lineae
1367 2019 1566 2092 enim
1617 2018 1909 2113 longius
1969 2026 2439 2090 excurrentes

359 2155 513 2204 non
547 2144 818 2229 augent
852 2157 1057 2207 suam
1093 2132 1685 2216 inclinationem3
1739 2131 1966 2227 igitur
2017 2153 2255 2226 neque
2309 2155 2442 2203 an-

360 2245 515 2341 guli
546 2247 1197 2343 magnitudinem.”
1302 2247 1504 2323 Quid
1547 2270 1724 2342 ergo
1759 2269 1942 2341 opus
1984 2255 2098 2316 est
2142 2244 2440 2318 omnino

362 2358 459 2431 ad
521 2361 906 2433 essentiam
966 2362 1218 2458 anguli
1276 2361 1540 2434 lineis:
1614 2383 1778 2456 quae
1846 2357 2079 2430 minui
2133 2371 2443 2454 possunt

364 2473 599 2546 ambae
634 2474 710 2545 in
755 2474 1148 2560 infinitum,
1184 2475 1385 2548 salva
1419 2472 1835 2571 quantitate
1881 2482 1957 2544 et
2000 2482 2269 2543 natura
2312 2494 2442 2543 an-

365 2585 568 2681 guli?
671 2587 917 2660 Etiam
983 2589 1062 2662 in
1131 2590 1400 2686 angulo
1471 2597 1877 2674 contactUS,
1938 2586 2002 2659 si
2070 2586 2445 2658 minuatur

366 2721 580 2770 arcus
618 2699 717 2772 IC
757 2713 1112 2794 quantum
1158 2703 1317 2775 fieri
1365 2713 1636 2798 potest,
1673 2722 2008 2795 quaenam
2057 2699 2197 2771 erit
2242 2697 2443 2770 diffe-

366 2810 608 2883 rentia
661 2811 856 2884 inter
910 2813 1216 2908 angulos
1271 2814 1465 2887 DCC
1524 2825 1602 2887 et
1655 2811 1907 2887 DCD?
2013 2813 2216 2884 Scire
2269 2811 2444 2884 hinc

366 2935 578 3020 potes
605 2947 701 2996 an
729 2926 1218 2999 accuratiores
1257 2927 1712 3000 acutioresve
1735 2927 1884 2999 sint
1916 2925 2443 3013 mathematici,

368 3060 589 3131 quam
622 3037 930 3111 aliarum
965 3040 1233 3112 artium
1268 3039 1598 3113 studiosi.

468 3152 728 3225 Restat
754 3161 837 3225 ut
868 3150 1119 3247 anguli
1143 3152 1341 3248 plani
1371 3165 1715 3225 naturam
1741 3152 2117 3248 explicem,
2145 3163 2219 3225 et
2252 3153 2447 3226 inter

366 3264 719 3362 angulum
754 3275 1139 3337 contactus
1176 3275 1252 3337 et
1286 3265 1634 3360 angulum
1669 3289 1760 3338 ex
1793 3264 2267 3338 circulatione
2304 3265 2445 3338 dis·

368 3378 750 3474 tinguam:
805 3390 881 3452 et
927 3392 1318 3474 utramque
1371 3378 1714 3451 definiam
1767 3379 1828 3452 si
1860 3388 2117 3475 potero
2156 3378 2445 3467 clariuS,

370 3493 806 3580 accuratiuS,
834 3503 909 3564 et
944 3491 1039 3565 ad
1072 3515 1283 3564 usum
1309 3491 1835 3588 geometricum
1873 3491 2446 3566 accomodatius,

474 3605 744 3677 Centro
781 3605 872 3692 A,
910 3615 1115 3676 motu
1148 3603 1336 3677 radii
1370 3604 1526 3692 AB,
1565 3603 2076 3677 describantur
2123 3603 2267 3677 duo
2306 3603 2447 3675 cir-

375 3715 520 3788 culi
558 3715 775 3804 BCD,
796 3716 1024 3789 EFG:
1077 3739 1319 3811 neque
1364 3716 1590 3789 refert
1635 3729 1885 3788 utrum
1919 3717 2052 3789 AB
2101 3717 2197 3789 sit
2245 3727 2451 3788 recta

374 3852 472 3901 an
509 3851 753 3918 curva,
793 3831 1042 3926 quales
1093 3842 1267 3903 sunt
1316 3853 1561 3902 curvae
1604 3829 1896 3926 punctis
1948 3830 2257 3926 signatae
2291 3829 2448 3917 AB,

375 3942 560 4031 AH;
611 3965 782 4015 nam
819 3942 1111 4016 easdem
1165 3943 1591 4017 describunt
1637 3953 1795 4015 tum
1844 3943 2260 4038 superficies
2293 3954 2453 4014 tum

375 4055 630 4128 lineas.
733 4056 830 4129 Et
873 4081 919 4129 a
959 4068 1213 4130 centro
1268 4057 1364 4130 ad
1419 4056 2083 4129 circumferentiam
2143 4054 2453 4127 ducatur

377 4179 584 4241 recta
641 4167 785 4240 ΑΗ
839 4182 1238 4265 utcunque,
1291 4193 1544 4242 secans
1604 4169 1958 4242 circulum
2010 4167 2197 4240 EFG
2256 4169 2331 4240 in
2390 4168 2449 4241 I.

381 4281 588 4354 Facit
622 4304 797 4377 ergo
850 4280 1006 4372 AB,
1041 4306 1172 4379 per
1207 4294 1490 4355 motum
1526 4281 1956 4355 circularem
1992 4279 2087 4353 ad
2122 4280 2293 4368 AH,
2329 4304 2452 4353 an·

379 4394 633 4491 gulum
672 4395 922 4469 BAH:
974 4406 1049 4468 et
1082 4418 1398 4491 pergens
1434 4395 1530 4468 ad
1565 4395 1648 4485 C,
1683 4394 1864 4468 facit
1918 4393 2268 4490 angulum
2302 4419 2456 4468 ma-

2061 4529 2256 4580 Dn2
