3094 5125
607 458 753 523 218
1038 471 1575 524 ΕΧΑΜῙΝΑΤῙΟ
1617 471 1716 522 ΕΤ
1757 470 2253 523 ΕΜΕΝῡΑτιο

231 664 531 706 mancus
606 637 940 710 versione
976 637 1325 733 trianguli
1363 637 1572 710 FDB
1610 661 1830 732 super
1863 638 2113 710 basem
2151 637 2332 710 FD:
2387 650 2461 713 et
2483 652 2691 712 recta

344 746 429 785 Ἦ·
607 785 647 835 γ
666 785 721 840 υ,
759 764 1050 846 sumpta
1083 751 1159 822 in
1186 762 1389 824 recta
1423 775 1590 847 quae
1626 750 1886 824 dividit
1946 774 2200 824 arcum
2261 753 2691 848 quadrantis

608 864 960 960 descripti
994 888 1040 936 a
1073 865 1197 950 γΧ
1225 864 1590 952 bifariam,
1619 863 1977 937 diameter
2010 863 2402 960 aequilibrii
2428 865 2688 956 altera,

607 988 683 1049 et
717 1010 803 1061 γυ
840 977 1160 1050 dodrans
1215 978 1367 1050 sive
1408 985 1446 1065 ff
1488 988 1711 1050 rectae
1758 978 1898 1068 Βφ,
1935 977 2012 1050 id
2064 990 2203 1065 est,
2258 977 2500 1073 duplae
2533 979 2684 1053 Aa».

608 1088 868 1184 Itaque
893 1101 1249 1185 punctum
1285 1090 1825 1163 intersectionis
1879 1091 2259 1162 ambarum
2296 1125 2385 1175 γυ
2439 1102 2519 1164 et
2554 1092 2686 1181 1⁴³4»,

607 1201 683 1274 id
734 1215 871 1290 est,
921 1214 1278 1299 punctum
1340 1204 1580 1299 ipsum
1613 1239 1684 1291 υ,
1738 1214 1852 1275 est
1908 1213 2242 1276 centrum
2303 1204 2689 1297 gravitatis

607 1315 821 1388 solidi
875 1315 1073 1412 quod
1130 1316 1216 1387 fit
1262 1339 1308 1387 a
1351 1317 1831 1389 conversione
1893 1316 2243 1411 trianguli
2298 1314 2496 1388 FDB
2554 1340 2689 1412 per

609 1428 1095 1524 quadrantem
1152 1429 1431 1502 circuli.
1539 1430 1788 1503 Quare
1843 1429 2058 1502 solidi
2115 1429 2314 1524 quod
2370 1430 2479 1517 fit,
2537 1442 2686 1503 etc.

610 1542 831 1618 Quod
867 1555 1026 1616 erat
1060 1542 1740 1616 demonstrandum.

713 1654 1051 1728 Con-sect.
1188 1655 1540 1728 Centrum
1625 1654 2009 1750 gravitatis
2088 1666 2371 1748 quartae
2459 1656 2689 1749 partis

607 1768 920 1863 cylindri
954 1768 1302 1863 descripti
1353 1793 1399 1840 a
1432 1768 1911 1841 conversione
1945 1769 2234 1863 integra
2278 1769 2689 1864 rectanguli

607 1882 752 1955 DG
806 1904 1022 1979 super
1069 1881 1264 1955 latus
1311 1881 1471 1970 FD,
1509 1894 1625 1955 est
1684 1881 1762 1954 in
1808 1880 2028 1977 plano
2078 1881 2510 1975 quadrantis
2566 1881 2691 1955 de-

608 1995 862 2092 scripti
924 2019 969 2067 a
998 2008 1091 2085 εε,
1118 1995 1194 2067 in
1268 1996 1618 2068 distantia
1676 2018 1722 2068 a
1778 2006 2058 2091 puncto
2101 2008 2151 2083 ε,
2211 1994 2411 2089 quod
2457 2007 2570 2068 est
2610 1998 2688 2068 in

606 2109 805 2196 base,
829 2120 1037 2181 tanta
1071 2120 1349 2204 quanta
1384 2120 1497 2181 est
1531 2109 1674 2198 Βφ,
1710 2120 1785 2181 et
1813 2120 1922 2180 est
1957 2108 2030 2179 in
2067 2121 2273 2180 recta
2307 2132 2470 2203 quae
2505 2108 2688 2180 divi-

609 2222 719 2293 dit
754 2246 1007 2294 arcum
1063 2221 1390 2317 ejusdem
1440 2220 1867 2316 quadrantis
1915 2219 2270 2292 bifariam.
2373 2221 2468 2293 Et
2522 2244 2691 2294 cen-

605 2345 803 2407 trum
871 2334 1251 2430 gravitatis
1309 2334 1593 2406 dimidii
1648 2334 1961 2428 cylindri
2021 2333 2370 2429 ejusdem,
2432 2344 2546 2407 est
2611 2336 2688 2407 in

603 2459 808 2518 recta
842 2470 1008 2541 quae
1043 2471 1129 2517 ex
1169 2446 1534 2540 terigitur
1569 2448 1789 2541 plano
1825 2447 2102 2520 chartae
2134 2447 2688 2543 perpendicula-

608 2558 709 2631 ris
745 2559 822 2631 in
858 2557 1211 2631 distantia
1237 2557 1500 2653 aequali
1534 2573 1757 2632 rectae
1793 2560 1963 2634 DT.

1302 2782 1802 2835 PROPOSITIO
1841 2783 1989 2834 XX.

705 2897 1045 2970 Invenire
1067 2909 1404 2970 centrum
1429 2900 1815 2994 gravitatis
1838 2899 2073 2987 solidi,
2099 2900 2299 2996 quod
2324 2901 2411 2972 fit
2444 2924 2487 2973 a
2513 2925 2686 2973 con-

606 3011 935 3083 versione
974 3011 1177 3106 plani
1221 3012 1644 3108 cycloidalis
1702 3010 1924 3085 DBF
1986 3014 2183 3085 circa
2233 3014 2483 3087 basem
2542 3014 2685 3086 DF

604 3148 738 3221 per
763 3124 1018 3198 circuli
1052 3125 1565 3220 quadrantem.

708 3238 1053 3310 Sumatur
1123 3252 1215 3328 εχ
1277 3239 1579 3335 aequalis
1637 3251 1859 3311 rectae
1930 3238 2072 3329 Βφ,
2144 3251 2218 3312 et
2288 3241 2690 3314 collocetur

606 3375 798 3424 unus
834 3353 991 3447 ejus
1029 3352 1385 3425 terminus
1421 3353 1498 3425 in
1527 3364 1734 3426 recta
1768 3350 1911 3424 DF
1948 3352 2043 3424 ad
2068 3365 2097 3430 ξ
2113 3408 2134 3442 ,
2172 3365 2248 3426 et
2302 3354 2487 3426 alter
2540 3366 2686 3427 ter-

608 3467 846 3539 minus
880 3467 957 3538 in
993 3465 1212 3562 plano
1245 3466 1676 3561 quadrantis
1710 3467 1938 3539 erecti
1972 3466 2068 3538 ad
2088 3467 2389 3563 planum
2411 3468 2688 3540 chartae

606 3581 682 3653 in
710 3589 804 3668 ξε,
839 3580 945 3652 ita
975 3593 1062 3652 ut
1094 3593 1183 3668 εχ
1218 3578 1446 3653 faciat
1499 3606 1669 3655 cum
1724 3593 1932 3653 recta
1962 3593 2034 3660 ξε
2066 3580 2419 3676 angulum
2473 3580 2687 3653 semi·

604 3704 930 3776 rectum;
971 3695 1473 3789 jungaturque
1506 3728 1626 3784 υχ,
1663 3706 2098 3789 seceturque
2141 3703 2236 3782 δε,
2273 3706 2429 3768 tam
2465 3717 2689 3791 supra

606 3830 828 3902 quam
862 3806 1075 3894 infra,
1099 3805 1437 3879 bifariam
1473 3831 1519 3879 a
1552 3819 1757 3881 recta
1783 3840 1893 3897 σσ,
1933 3831 2098 3901 quae
2156 3820 2356 3881 secet
2389 3842 2478 3895 υχ
2504 3808 2583 3880 in
2633 3844 2685 3880 r.

606 3922 790 3994 Dico
816 3931 1170 4016 punctum
1205 3952 1235 3984 r
1277 3943 1433 3992 esse
1460 3931 1797 3994 centrum
1838 3920 2222 4016 gravitatis
2269 3920 2485 3993 solidi
2518 3944 2689 4017 pro-

603 4034 848 4130 positi.

707 4147 1075 4222 Quoniam
1111 4143 1305 4217 enim
1348 4142 1664 4216 solidum
1709 4145 2166 4242 propositum
2216 4158 2328 4219 est
2376 4146 2471 4219 ad
2516 4146 2688 4218 soli-

606 4260 780 4332 dum
817 4260 1267 4355 descriptum
1301 4257 1558 4331 eodem
1605 4269 1938 4355 tempore
1992 4285 2037 4333 a
2071 4261 2499 4357 rectangulo
2538 4257 2687 4335 DG

604 4386 686 4446 ut
722 4383 765 4446 2
803 4374 898 4446 ad
935 4383 1003 4459 3,
1045 4375 1281 4469 (prop.
1321 4372 1513 4467 xvi),
1554 4384 1627 4446 et
1680 4386 2012 4446 centrum
2060 4374 2439 4468 gravitatis
2474 4372 2688 4446 solidi
