<?xml version="1.0" encoding="UTF-8"?>
<!DOCTYPE html PUBLIC "-//W3C//DTD XHTML 1.0 Transitional//EN"
    "http://www.w3.org/TR/xhtml1/DTD/xhtml1-transitional.dtd">
<html xmlns="http://www.w3.org/1999/xhtml" xml:lang="en" lang="en">
 <head>
  <title>
</title>
<meta http-equiv="Content-Type" content="text/html;charset=utf-8" />
  <meta name='ocr-system' content='tesseract 3.04.00' />
  <meta name='ocr-capabilities' content='ocr_page ocr_carea ocr_par ocr_line ocrx_word'/>
</head>
<body>
  <div class='ocr_page' id='page_1' title='image "./thomhobbesmalme02molegoog_0138.png"; bbox 0 0 3094 5125; ppageno 0'>
   <div class='ocr_carea' id='block_1_1' title="bbox 681 497 2325 563">
    <p class='ocr_par' dir='ltr' id='par_1_1' title="bbox 681 497 2325 563">
     <span class='ocr_line' id='line_1_1' title="bbox 681 497 2325 563; baseline -0.001 -1"><span class='ocrx_word' id='word_1_1' title='bbox 681 497 818 563; x_wconf 84' lang='lat'>126</span> <span class='ocrx_word' id='word_1_2' title='bbox 1104 509 1641 562; x_wconf 73' lang='lat' dir='ltr'>ExAmNA&#39;rlo</span> <span class='ocrx_word' id='word_1_3' title='bbox 1683 511 1785 562; x_wconf 77' lang='lat' dir='ltr'>m·</span> <span class='ocrx_word' id='word_1_4' title='bbox 1823 507 2325 563; x_wconf 70' lang='lat' dir='ltr'>EMENDA&#39;no</span> 
     </span>
    </p>
   </div>
   <div class='ocr_carea' id='block_1_2' title="bbox 301 675 2757 1340">
    <p class='ocr_par' dir='ltr' id='par_1_2' title="bbox 301 675 2757 1340">
     <span class='ocr_line' id='line_1_2' title="bbox 301 675 2756 774; baseline 0.001 -29"><span class='ocrx_word' id='word_1_5' title='bbox 301 705 602 746; x_wconf 56' lang='lat' dir='ltr'>nameus</span> <span class='ocrx_word' id='word_1_6' title='bbox 674 676 906 774; x_wconf 81' lang='lat' dir='ltr'>dupla</span> <span class='ocrx_word' id='word_1_7' title='bbox 939 677 1383 751; x_wconf 59' lang='lat' dir='ltr'>est—Bene</span> <span class='ocrx_word' id='word_1_8' title='bbox 1419 701 1496 751; x_wconf 91' lang='lat' dir='ltr'>se</span> <span class='ocrx_word' id='word_1_9' title='bbox 1528 678 1776 753; x_wconf 88' lang='lat' dir='ltr'>habet.</span> <span class='ocrx_word' id='word_1_10' title='bbox 1883 676 2033 751; x_wconf 91' lang='lat' dir='ltr'>Sed</span> <span class='ocrx_word' id='word_1_11' title='bbox 2065 675 2244 774; x_wconf 88' lang='lat' dir='ltr'>quid</span> <span class='ocrx_word' id='word_1_12' title='bbox 2279 675 2339 748; x_wconf 92' lang='lat' dir='ltr'>si</span> <span class='ocrx_word' id='word_1_13' title='bbox 2384 698 2519 770; x_wconf 88' lang='lat' dir='ltr'>pro</span> <span class='ocrx_word' id='word_1_14' title='bbox 2571 699 2756 773; x_wconf 83' lang='lat' dir='ltr'>qua-</span> 
     </span>
     <span class='ocr_line' id='line_1_3' title="bbox 301 786 2756 889; baseline -0.001 -25"><span class='ocrx_word' id='word_1_15' title='bbox 301 857 309 871; x_wconf 78' lang='lat'>.</span> <span class='ocrx_word' id='word_1_16' title='bbox 409 789 497 829; x_wconf 86' lang='lat'>¹¹¹·</span> <span class='ocrx_word' id='word_1_17' title='bbox 675 790 1073 888; x_wconf 82' lang='lat' dir='ltr'>dripondio</span> <span class='ocrx_word' id='word_1_18' title='bbox 1110 804 1186 864; x_wconf 90' lang='lat' dir='ltr'>et</span> <span class='ocrx_word' id='word_1_19' title='bbox 1221 790 1574 889; x_wconf 81' lang='lat' dir='ltr'>bipondio</span> <span class='ocrx_word' id='word_1_20' title='bbox 1615 791 1977 888; x_wconf 86' lang='lat' dir='ltr'>posuisset</span> <span class='ocrx_word' id='word_1_21' title='bbox 2026 813 2154 863; x_wconf 87' lang='lat' dir='ltr'>sex</span> <span class='ocrx_word' id='word_1_22' title='bbox 2200 786 2447 884; x_wconf 92' lang='lat' dir='ltr'>pondo</span> <span class='ocrx_word' id='word_1_23' title='bbox 2500 797 2576 860; x_wconf 93' lang='lat' dir='ltr'>et</span> <span class='ocrx_word' id='word_1_24' title='bbox 2625 788 2756 861; x_wconf 87' lang='lat' dir='ltr'>tri-</span> 
     </span>
     <span class='ocr_line' id='line_1_4' title="bbox 670 900 2755 1000; baseline -0.001 -23"><span class='ocrx_word' id='word_1_25' title='bbox 670 903 1049 1000; x_wconf 90' lang='lat' dir='ltr'>pondium,</span> <span class='ocrx_word' id='word_1_26' title='bbox 1073 914 1148 977; x_wconf 91' lang='lat' dir='ltr'>et</span> <span class='ocrx_word' id='word_1_27' title='bbox 1168 927 1302 999; x_wconf 90' lang='lat' dir='ltr'>pro</span> <span class='ocrx_word' id='word_1_28' title='bbox 1327 903 1538 977; x_wconf 88' lang='lat' dir='ltr'>lineis</span> <span class='ocrx_word' id='word_1_29' title='bbox 1565 902 2093 1000; x_wconf 90' lang='lat' dir='ltr'>quadrupedali</span> <span class='ocrx_word' id='word_1_30' title='bbox 2118 914 2196 974; x_wconf 90' lang='lat' dir='ltr'>et</span> <span class='ocrx_word' id='word_1_31' title='bbox 2220 900 2463 996; x_wconf 90' lang='lat' dir='ltr'>pedali</span> <span class='ocrx_word' id='word_1_32' title='bbox 2487 900 2755 974; x_wconf 88' lang='lat' dir='ltr'>lineam</span> 
     </span>
     <span class='ocr_line' id='line_1_5' title="bbox 675 1014 2757 1113; baseline -0.002 -22"><span class='ocrx_word' id='word_1_33' title='bbox 675 1017 1063 1091; x_wconf 84' lang='lat' dir='ltr'><strong>duodecim</strong></span> <span class='ocrx_word' id='word_1_34' title='bbox 1088 1018 1361 1113; x_wconf 90' lang='lat' dir='ltr'>pedum</span> <span class='ocrx_word' id='word_1_35' title='bbox 1396 1030 1474 1090; x_wconf 89' lang='lat' dir='ltr'>et</span> <span class='ocrx_word' id='word_1_36' title='bbox 1509 1017 1734 1090; x_wconf 89' lang='lat' dir='ltr'>trium</span> <span class='ocrx_word' id='word_1_37' title='bbox 1766 1016 2084 1113; x_wconf 91' lang='lat' dir='ltr'>pedum;</span> <span class='ocrx_word' id='word_1_38' title='bbox 2136 1014 2505 1111; x_wconf 89' lang='lat' dir='ltr'>quomodo</span> <span class='ocrx_word' id='word_1_39' title='bbox 2541 1038 2757 1109; x_wconf 85' lang='lat' dir='ltr'>argu-</span> 
     </span>
     <span class='ocr_line' id='line_1_6' title="bbox 673 1128 2756 1227; baseline -0.001 -23"><span class='ocrx_word' id='word_1_40' title='bbox 673 1142 1004 1205; x_wconf 84' lang='lat' dir='ltr'><strong>mentum</strong></span> <span class='ocrx_word' id='word_1_41' title='bbox 1040 1132 1197 1227; x_wconf 90' lang='lat' dir='ltr'>ejus</span> <span class='ocrx_word' id='word_1_42' title='bbox 1230 1129 1712 1227; x_wconf 81' lang='lat' dir='ltr'>quadrasset?</span> <span class='ocrx_word' id='word_1_43' title='bbox 1816 1128 2232 1218; x_wconf 77' lang='lat' dir='ltr'>Quomodo,</span> <span class='ocrx_word' id='word_1_44' title='bbox 2267 1128 2593 1224; x_wconf 90' lang='lat' dir='ltr'>inquam,</span> <span class='ocrx_word' id='word_1_45' title='bbox 2647 1151 2756 1201; x_wconf 90' lang='lat' dir='ltr'>ra-</span> 
     </span>
     <span class='ocr_line' id='line_1_7' title="bbox 672 1243 2754 1340; baseline -0.002 -22"><span class='ocrx_word' id='word_1_46' title='bbox 672 1244 952 1318; x_wconf 91' lang='lat' dir='ltr'>tionem</span> <span class='ocrx_word' id='word_1_47' title='bbox 1034 1244 1516 1340; x_wconf 82' lang='lat' dir='ltr'>posteriorem</span> <span class='ocrx_word' id='word_1_48' title='bbox 1601 1243 1866 1340; x_wconf 89' lang='lat' dir='ltr'>prioris</span> <span class='ocrx_word' id='word_1_49' title='bbox 1944 1255 2222 1339; x_wconf 91' lang='lat' dir='ltr'>quanta</span> <span class='ocrx_word' id='word_1_50' title='bbox 2300 1264 2473 1338; x_wconf 89' lang='lat' dir='ltr'>pars</span> <span class='ocrx_word' id='word_1_51' title='bbox 2542 1253 2754 1330; x_wconf 87' lang='lat' dir='ltr'>esset,</span> 
     </span>
    </p>
   </div>
   <div class='ocr_carea' id='block_1_3' title="bbox 659 1355 2759 4514">
    <p class='ocr_par' dir='ltr' id='par_1_3' title="bbox 674 1355 1163 1431">
     <span class='ocr_line' id='line_1_8' title="bbox 674 1355 1163 1431; baseline -0.004 0"><span class='ocrx_word' id='word_1_52' title='bbox 674 1355 1163 1431; x_wconf 80' lang='lat' dir='ltr'>ostendisset?</span> 
     </span>
    </p>

    <p class='ocr_par' dir='ltr' id='par_1_4' title="bbox 670 1468 2759 2019">
     <span class='ocr_line' id='line_1_9' title="bbox 771 1468 2758 1565; baseline -0.001 -23"><span class='ocrx_word' id='word_1_53' title='bbox 771 1471 873 1542; x_wconf 87' lang='lat' dir='ltr'>B.</span> <span class='ocrx_word' id='word_1_54' title='bbox 928 1470 1071 1543; x_wconf 87' lang='lat' dir='ltr'>Sic.</span> <span class='ocrx_word' id='word_1_55' title='bbox 1205 1469 1284 1543; x_wconf 90' lang='lat' dir='ltr'>Si</span> <span class='ocrx_word' id='word_1_56' title='bbox 1351 1480 1822 1564; x_wconf 89' lang='lat' dir='ltr'>comparatur</span> <span class='ocrx_word' id='word_1_57' title='bbox 1887 1468 2132 1565; x_wconf 92' lang='lat' dir='ltr'>quoad</span> <span class='ocrx_word' id='word_1_58' title='bbox 2199 1468 2561 1541; x_wconf 89' lang='lat' dir='ltr'>rationem</span> <span class='ocrx_word' id='word_1_59' title='bbox 2631 1491 2758 1540; x_wconf 85' lang='lat' dir='ltr'>sex</span> 
     </span>
     <span class='ocr_line' id='line_1_10' title="bbox 671 1580 2759 1679; baseline -0.001 -23"><span class='ocrx_word' id='word_1_60' title='bbox 671 1583 917 1679; x_wconf 90' lang='lat' dir='ltr'>pondo</span> <span class='ocrx_word' id='word_1_61' title='bbox 977 1595 1056 1656; x_wconf 90' lang='lat' dir='ltr'>et</span> <span class='ocrx_word' id='word_1_62' title='bbox 1123 1581 1602 1678; x_wconf 90' lang='lat' dir='ltr'>tripondium,</span> <span class='ocrx_word' id='word_1_63' title='bbox 1662 1581 1853 1654; x_wconf 92' lang='lat' dir='ltr'>ratio</span> <span class='ocrx_word' id='word_1_64' title='bbox 1926 1591 2039 1654; x_wconf 90' lang='lat' dir='ltr'>est</span> <span class='ocrx_word' id='word_1_65' title='bbox 2100 1580 2373 1678; x_wconf 87' lang='lat' dir='ltr'>dupla;</span> <span class='ocrx_word' id='word_1_66' title='bbox 2440 1582 2502 1654; x_wconf 90' lang='lat' dir='ltr'>si</span> <span class='ocrx_word' id='word_1_67' title='bbox 2564 1581 2759 1654; x_wconf 89' lang='lat' dir='ltr'>linea</span> 
     </span>
     <span class='ocr_line' id='line_1_11' title="bbox 675 1694 2757 1792; baseline -0.001 -24"><span class='ocrx_word' id='word_1_68' title='bbox 675 1695 1062 1769; x_wconf 88' lang='lat' dir='ltr'>duodecim</span> <span class='ocrx_word' id='word_1_69' title='bbox 1116 1695 1389 1791; x_wconf 94' lang='lat' dir='ltr'>pedum</span> <span class='ocrx_word' id='word_1_70' title='bbox 1439 1707 1908 1792; x_wconf 89' lang='lat' dir='ltr'>comparatur</span> <span class='ocrx_word' id='word_1_71' title='bbox 1962 1718 2133 1767; x_wconf 94' lang='lat' dir='ltr'>cum</span> <span class='ocrx_word' id='word_1_72' title='bbox 2191 1694 2387 1767; x_wconf 88' lang='lat' dir='ltr'>linea</span> <span class='ocrx_word' id='word_1_73' title='bbox 2440 1695 2757 1767; x_wconf 88' lang='lat' dir='ltr'>duorum</span> 
     </span>
     <span class='ocr_line' id='line_1_12' title="bbox 670 1807 2757 1906; baseline -0 -24"><span class='ocrx_word' id='word_1_74' title='bbox 670 1809 966 1906; x_wconf 90' lang='lat' dir='ltr'>pedum,</span> <span class='ocrx_word' id='word_1_75' title='bbox 1016 1808 1251 1883; x_wconf 87' lang='lat' dir='ltr'>oritur</span> <span class='ocrx_word' id='word_1_76' title='bbox 1282 1808 1473 1881; x_wconf 91' lang='lat' dir='ltr'>ratio</span> <span class='ocrx_word' id='word_1_77' title='bbox 1509 1807 1869 1905; x_wconf 85' lang='lat' dir='ltr'>sextupla.</span> <span class='ocrx_word' id='word_1_78' title='bbox 1975 1807 2163 1882; x_wconf 78' lang='lat' dir='ltr'>Quae</span> <span class='ocrx_word' id='word_1_79' title='bbox 2196 1807 2522 1882; x_wconf 86' lang='lat' dir='ltr'>rationes</span> <span class='ocrx_word' id='word_1_80' title='bbox 2556 1832 2757 1881; x_wconf 91' lang='lat' dir='ltr'>com-</span> 
     </span>
     <span class='ocr_line' id='line_1_13' title="bbox 671 1920 2521 2019; baseline -0.001 -23"><span class='ocrx_word' id='word_1_81' title='bbox 671 1922 917 2019; x_wconf 89' lang='lat' dir='ltr'>parari</span> <span class='ocrx_word' id='word_1_82' title='bbox 948 1933 1301 2018; x_wconf 88' lang='lat' dir='ltr'>possunt;</span> <span class='ocrx_word' id='word_1_83' title='bbox 1354 1944 1644 2017; x_wconf 87' lang='lat' dir='ltr'>nempe,</span> <span class='ocrx_word' id='word_1_84' title='bbox 1680 1921 1840 1995; x_wconf 86' lang='lat' dir='ltr'>haec</span> <span class='ocrx_word' id='word_1_85' title='bbox 1875 1920 2068 1993; x_wconf 93' lang='lat' dir='ltr'>illius</span> <span class='ocrx_word' id='word_1_86' title='bbox 2104 1921 2245 1994; x_wconf 92' lang='lat' dir='ltr'>erit</span> <span class='ocrx_word' id='word_1_87' title='bbox 2277 1921 2521 2017; x_wconf 90' lang='lat' dir='ltr'>tripla.</span> 
     </span>
    </p>

    <p class='ocr_par' dir='ltr' id='par_1_5' title="bbox 671 2033 2756 2223">
     <span class='ocr_line' id='line_1_14' title="bbox 774 2033 2756 2131; baseline -0.001 -22"><span class='ocrx_word' id='word_1_88' title='bbox 774 2035 872 2109; x_wconf 80' lang='lat' dir='ltr'>A.</span> <span class='ocrx_word' id='word_1_89' title='bbox 929 2036 1131 2111; x_wconf 77' lang='lat' dir='ltr'>Quid</span> <span class='ocrx_word' id='word_1_90' title='bbox 1176 2033 1328 2108; x_wconf 80' lang='lat' dir='ltr'>ita?</span> <span class='ocrx_word' id='word_1_91' title='bbox 1432 2035 1828 2108; x_wconf 78' lang='lat' dir='ltr'>Rationem</span> <span class='ocrx_word' id='word_1_92' title='bbox 1871 2043 1957 2107; x_wconf 85' lang='lat'>12</span> <span class='ocrx_word' id='word_1_93' title='bbox 2010 2033 2108 2107; x_wconf 90' lang='lat' dir='ltr'>ad</span> <span class='ocrx_word' id='word_1_94' title='bbox 2158 2043 2203 2107; x_wconf 85' lang='lat'><strong>2</strong></span> <span class='ocrx_word' id='word_1_95' title='bbox 2252 2034 2551 2131; x_wconf 82' lang='lat' dir='ltr'>triplam</span> <span class='ocrx_word' id='word_1_96' title='bbox 2599 2059 2756 2108; x_wconf 89' lang='lat' dir='ltr'>esse</span> 
     </span>
     <span class='ocr_line' id='line_1_15' title="bbox 671 2147 1611 2223; baseline -0.004 0"><span class='ocrx_word' id='word_1_97' title='bbox 671 2173 925 2223; x_wconf 85' lang='lat' dir='ltr'>censes</span> <span class='ocrx_word' id='word_1_98' title='bbox 958 2149 1265 2222; x_wconf 90' lang='lat' dir='ltr'>rationis</span> <span class='ocrx_word' id='word_1_99' title='bbox 1299 2155 1346 2219; x_wconf 89' lang='grc'><strong>6</strong></span> <span class='ocrx_word' id='word_1_100' title='bbox 1384 2148 1480 2221; x_wconf 92' lang='lat' dir='ltr'>ad</span> <span class='ocrx_word' id='word_1_101' title='bbox 1515 2147 1611 2221; x_wconf 86' lang='lat'>3?</span> 
     </span>
    </p>

    <p class='ocr_par' dir='ltr' id='par_1_6' title="bbox 668 2259 2757 3264">
     <span class='ocr_line' id='line_1_16' title="bbox 774 2259 2756 2357; baseline 0.001 -23"><span class='ocrx_word' id='word_1_102' title='bbox 774 2262 872 2336; x_wconf 90' lang='lat' dir='ltr'>B.</span> <span class='ocrx_word' id='word_1_103' title='bbox 925 2262 1201 2334; x_wconf 89' lang='lat' dir='ltr'>Video:</span> <span class='ocrx_word' id='word_1_104' title='bbox 1256 2283 1429 2332; x_wconf 90' lang='lat' dir='ltr'>nam</span> <span class='ocrx_word' id='word_1_105' title='bbox 1462 2260 1649 2332; x_wconf 89' lang='lat' dir='ltr'>ratio</span> <span class='ocrx_word' id='word_1_106' title='bbox 1697 2269 1782 2332; x_wconf 88' lang='grc'>16</span> <span class='ocrx_word' id='word_1_107' title='bbox 1818 2259 1914 2332; x_wconf 91' lang='lat' dir='ltr'>ad</span> <span class='ocrx_word' id='word_1_108' title='bbox 1964 2270 2009 2334; x_wconf 83' lang='lat'><strong>2</strong></span> <span class='ocrx_word' id='word_1_109' title='bbox 2047 2271 2158 2334; x_wconf 91' lang='lat' dir='ltr'>est</span> <span class='ocrx_word' id='word_1_110' title='bbox 2190 2261 2413 2357; x_wconf 86' lang='lat' dir='ltr'>tripla</span> <span class='ocrx_word' id='word_1_111' title='bbox 2444 2261 2756 2336; x_wconf 91' lang='lat' dir='ltr'>rationis</span> 
     </span>
     <span class='ocr_line' id='line_1_17' title="bbox 669 2372 2757 2469; baseline 0 -22"><span class='ocrx_word' id='word_1_112' title='bbox 669 2382 716 2446; x_wconf 89' lang='grc'><strong>6</strong></span> <span class='ocrx_word' id='word_1_113' title='bbox 753 2374 849 2447; x_wconf 92' lang='lat' dir='ltr'>ad</span> <span class='ocrx_word' id='word_1_114' title='bbox 897 2377 965 2447; x_wconf 85' lang='lat'>3.</span> <span class='ocrx_word' id='word_1_115' title='bbox 1072 2373 1220 2446; x_wconf 90' lang='lat' dir='ltr'>Sed</span> <span class='ocrx_word' id='word_1_116' title='bbox 1253 2372 1494 2445; x_wconf 88' lang='lat' dir='ltr'>fraudi</span> <span class='ocrx_word' id='word_1_117' title='bbox 1528 2372 1635 2444; x_wconf 92' lang='lat' dir='ltr'>illi</span> <span class='ocrx_word' id='word_1_118' title='bbox 1676 2385 1753 2445; x_wconf 90' lang='lat' dir='ltr'>et</span> <span class='ocrx_word' id='word_1_119' title='bbox 1797 2372 1979 2445; x_wconf 91' lang='lat' dir='ltr'>mihi</span> <span class='ocrx_word' id='word_1_120' title='bbox 2022 2372 2185 2463; x_wconf 87' lang='lat' dir='ltr'>fuit,</span> <span class='ocrx_word' id='word_1_121' title='bbox 2239 2374 2438 2469; x_wconf 93' lang='lat' dir='ltr'>quod</span> <span class='ocrx_word' id='word_1_122' title='bbox 2491 2374 2569 2448; x_wconf 93' lang='lat' dir='ltr'>in</span> <span class='ocrx_word' id='word_1_123' title='bbox 2632 2400 2757 2448; x_wconf 86' lang='lat' dir='ltr'>ex-</span> 
     </span>
     <span class='ocr_line' id='line_1_18' title="bbox 670 2485 2751 2583; baseline 0.001 -23"><span class='ocrx_word' id='word_1_124' title='bbox 670 2486 912 2583; x_wconf 92' lang='lat' dir='ltr'>emplo</span> <span class='ocrx_word' id='word_1_125' title='bbox 973 2485 1402 2560; x_wconf 89' lang='lat' dir='ltr'>Wallisiano</span> <span class='ocrx_word' id='word_1_126' title='bbox 1465 2496 1625 2558; x_wconf 93' lang='lat' dir='ltr'>tum</span> <span class='ocrx_word' id='word_1_127' title='bbox 1679 2486 2128 2583; x_wconf 81' lang='lat' dir='ltr'>quantitates</span> <span class='ocrx_word' id='word_1_128' title='bbox 2186 2500 2346 2560; x_wconf 91' lang='lat' dir='ltr'>tum</span> <span class='ocrx_word' id='word_1_129' title='bbox 2407 2488 2751 2580; x_wconf 77' lang='lat' dir='ltr'>rationeS,</span> 
     </span>
     <span class='ocr_line' id='line_1_19' title="bbox 670 2599 2752 2700; baseline 0.002 -27"><span class='ocrx_word' id='word_1_130' title='bbox 670 2601 904 2673; x_wconf 90' lang='lat' dir='ltr'>altera</span> <span class='ocrx_word' id='word_1_131' title='bbox 937 2599 1235 2673; x_wconf 90' lang='lat' dir='ltr'>alterius</span> <span class='ocrx_word' id='word_1_132' title='bbox 1272 2599 1496 2694; x_wconf 87' lang='lat' dir='ltr'>dupla</span> <span class='ocrx_word' id='word_1_133' title='bbox 1528 2610 1686 2684; x_wconf 89' lang='lat' dir='ltr'>est;</span> <span class='ocrx_word' id='word_1_134' title='bbox 1740 2600 1817 2673; x_wconf 92' lang='lat' dir='ltr'>id</span> <span class='ocrx_word' id='word_1_135' title='bbox 1852 2601 2050 2697; x_wconf 93' lang='lat' dir='ltr'>quod</span> <span class='ocrx_word' id='word_1_136' title='bbox 2080 2602 2446 2698; x_wconf 85' lang='lat' dir='ltr'>contingit</span> <span class='ocrx_word' id='word_1_137' title='bbox 2479 2603 2557 2676; x_wconf 91' lang='lat' dir='ltr'>in</span> <span class='ocrx_word' id='word_1_138' title='bbox 2583 2628 2752 2700; x_wconf 89' lang='lat' dir='ltr'>pro-</span> 
     </span>
     <span class='ocr_line' id='line_1_20' title="bbox 669 2712 2750 2809; baseline 0.002 -25"><span class='ocrx_word' id='word_1_139' title='bbox 669 2712 1043 2808; x_wconf 85' lang='lat' dir='ltr'>gressione</span> <span class='ocrx_word' id='word_1_140' title='bbox 1101 2735 1236 2809; x_wconf 87' lang='lat' dir='ltr'>per</span> <span class='ocrx_word' id='word_1_141' title='bbox 1302 2712 1805 2807; x_wconf 92' lang='lat' dir='ltr'>duplationem</span> <span class='ocrx_word' id='word_1_142' title='bbox 1865 2713 2042 2801; x_wconf 92' lang='lat' dir='ltr'>sola,</span> <span class='ocrx_word' id='word_1_143' title='bbox 2101 2713 2281 2786; x_wconf 86' lang='lat' dir='ltr'>alias</span> <span class='ocrx_word' id='word_1_144' title='bbox 2340 2739 2492 2787; x_wconf 94' lang='lat' dir='ltr'>non</span> <span class='ocrx_word' id='word_1_145' title='bbox 2552 2716 2750 2789; x_wconf 90' lang='lat' dir='ltr'>item.</span> 
     </span>
     <span class='ocr_line' id='line_1_21' title="bbox 673 2826 2752 2925; baseline 0.001 -27"><span class='ocrx_word' id='word_1_146' title='bbox 673 2826 820 2899; x_wconf 91' lang='lat' dir='ltr'>Sed</span> <span class='ocrx_word' id='word_1_147' title='bbox 864 2827 1093 2900; x_wconf 89' lang='lat' dir='ltr'>miror</span> <span class='ocrx_word' id='word_1_148' title='bbox 1145 2850 1277 2901; x_wconf 89' lang='lat' dir='ltr'>cur</span> <span class='ocrx_word' id='word_1_149' title='bbox 1324 2826 1445 2899; x_wconf 92' lang='lat' dir='ltr'>hic</span> <span class='ocrx_word' id='word_1_150' title='bbox 1501 2826 1681 2900; x_wconf 90' lang='lat' dir='ltr'>dicit</span> <span class='ocrx_word' id='word_1_151' title='bbox 1732 2827 2093 2900; x_wconf 90' lang='lat' dir='ltr'>rationem</span> <span class='ocrx_word' id='word_1_152' title='bbox 2139 2835 2185 2899; x_wconf 88' lang='lat'>4</span> <span class='ocrx_word' id='word_1_153' title='bbox 2240 2827 2336 2900; x_wconf 91' lang='lat' dir='ltr'>ad</span> <span class='ocrx_word' id='word_1_154' title='bbox 2384 2837 2409 2900; x_wconf 87' lang='lat' dir='ltr'>l</span> <span class='ocrx_word' id='word_1_155' title='bbox 2453 2827 2752 2925; x_wconf 92' lang='lat' dir='ltr'>duplam</span> 
     </span>
     <span class='ocr_line' id='line_1_22' title="bbox 670 2938 2753 3037; baseline 0.001 -24"><span class='ocrx_word' id='word_1_156' title='bbox 670 2963 828 3013; x_wconf 88' lang='lat' dir='ltr'>esse</span> <span class='ocrx_word' id='word_1_157' title='bbox 855 2941 1164 3015; x_wconf 89' lang='lat' dir='ltr'>rationis</span> <span class='ocrx_word' id='word_1_158' title='bbox 1200 2950 1245 3014; x_wconf 85' lang='lat'><strong>2</strong></span> <span class='ocrx_word' id='word_1_159' title='bbox 1283 2939 1378 3013; x_wconf 92' lang='lat' dir='ltr'>ad</span> <span class='ocrx_word' id='word_1_160' title='bbox 1424 2949 1484 3029; x_wconf 87' lang='lat' dir='ltr'>l,</span> <span class='ocrx_word' id='word_1_161' title='bbox 1523 2964 1694 3013; x_wconf 91' lang='lat' dir='ltr'>cum</span> <span class='ocrx_word' id='word_1_162' title='bbox 1727 2941 1884 3037; x_wconf 92' lang='lat' dir='ltr'>ipse</span> <span class='ocrx_word' id='word_1_163' title='bbox 1919 2941 1998 3012; x_wconf 94' lang='lat' dir='ltr'>in</span> <span class='ocrx_word' id='word_1_164' title='bbox 2025 2938 2358 3013; x_wconf 79' lang='lat' dir='ltr'>Elencko</span> <span class='ocrx_word' id='word_1_165' title='bbox 2391 2941 2644 3015; x_wconf 92' lang='lat' dir='ltr'>multis</span> <span class='ocrx_word' id='word_1_166' title='bbox 2678 2953 2753 3015; x_wconf 87' lang='lat' dir='ltr'>et</span> 
     </span>
     <span class='ocr_line' id='line_1_23' title="bbox 669 3053 2753 3129; baseline 0 -3"><span class='ocrx_word' id='word_1_167' title='bbox 669 3055 879 3127; x_wconf 90' lang='lat' dir='ltr'>malis</span> <span class='ocrx_word' id='word_1_168' title='bbox 925 3056 1166 3128; x_wconf 88' lang='lat' dir='ltr'>verbis</span> <span class='ocrx_word' id='word_1_169' title='bbox 1219 3053 1626 3127; x_wconf 86' lang='lat' dir='ltr'>contendat</span> <span class='ocrx_word' id='word_1_170' title='bbox 1683 3054 2045 3127; x_wconf 90' lang='lat' dir='ltr'>rationem</span> <span class='ocrx_word' id='word_1_171' title='bbox 2105 3053 2306 3126; x_wconf 88' lang='lat' dir='ltr'>illam</span> <span class='ocrx_word' id='word_1_172' title='bbox 2366 3053 2753 3129; x_wconf 91' lang='lat' dir='ltr'>dicendam</span> 
     </span>
     <span class='ocr_line' id='line_1_24' title="bbox 668 3167 2038 3264; baseline -0.001 -23"><span class='ocrx_word' id='word_1_173' title='bbox 668 3191 829 3241; x_wconf 93' lang='lat' dir='ltr'>esse</span> <span class='ocrx_word' id='word_1_174' title='bbox 865 3192 1012 3241; x_wconf 92' lang='lat' dir='ltr'>non</span> <span class='ocrx_word' id='word_1_175' title='bbox 1049 3168 1368 3263; x_wconf 91' lang='lat' dir='ltr'>duplam,</span> <span class='ocrx_word' id='word_1_176' title='bbox 1405 3167 1534 3240; x_wconf 93' lang='lat' dir='ltr'>sed</span> <span class='ocrx_word' id='word_1_177' title='bbox 1569 3167 2038 3264; x_wconf 90' lang='lat' dir='ltr'>duplicatam.</span> 
     </span>
    </p>

    <p class='ocr_par' dir='ltr' id='par_1_7' title="bbox 659 3278 2754 4514">
     <span class='ocr_line' id='line_1_25' title="bbox 770 3278 2754 3355; baseline 0.001 -1"><span class='ocrx_word' id='word_1_178' title='bbox 770 3280 867 3354; x_wconf 79' lang='lat' dir='ltr'>A.</span> <span class='ocrx_word' id='word_1_179' title='bbox 891 3329 895 3334; x_wconf 93' lang='lat'><em>-</em></span> <span class='ocrx_word' id='word_1_180' title='bbox 921 3280 1206 3354; x_wconf 91' lang='lat' dir='ltr'>Deinde</span> <span class='ocrx_word' id='word_1_181' title='bbox 1294 3303 1590 3354; x_wconf 89' lang='lat' dir='ltr'>causam</span> <span class='ocrx_word' id='word_1_182' title='bbox 1665 3279 1979 3353; x_wconf 86' lang='lat' dir='ltr'>reddens</span> <span class='ocrx_word' id='word_1_183' title='bbox 2051 3278 2490 3353; x_wconf 87' lang='lat' dir='ltr'>discriminis</span> <span class='ocrx_word' id='word_1_184' title='bbox 2558 3280 2754 3355; x_wconf 90' lang='lat' dir='ltr'>inter</span> 
     </span>
     <span class='ocr_line' id='line_1_26' title="bbox 668 3393 2753 3490; baseline 0 -23"><span class='ocrx_word' id='word_1_185' title='bbox 668 3395 1295 3490; x_wconf 88' lang='lat' dir='ltr'>comparationem</span> <span class='ocrx_word' id='word_1_186' title='bbox 1338 3394 1648 3467; x_wconf 91' lang='lat' dir='ltr'>duarum</span> <span class='ocrx_word' id='word_1_187' title='bbox 1700 3393 2199 3490; x_wconf 88' lang='lat' dir='ltr'>quantitatum</span> <span class='ocrx_word' id='word_1_188' title='bbox 2251 3393 2493 3489; x_wconf 92' lang='lat' dir='ltr'>quoad</span> <span class='ocrx_word' id='word_1_189' title='bbox 2546 3394 2753 3468; x_wconf 87' lang='lat' dir='ltr'>diffe-</span> 
     </span>
     <span class='ocr_line' id='line_1_27' title="bbox 666 3507 2751 3604; baseline 0.001 -24"><span class='ocrx_word' id='word_1_190' title='bbox 666 3507 1002 3597; x_wconf 89' lang='lat' dir='ltr'>rentiam,</span> <span class='ocrx_word' id='word_1_191' title='bbox 1056 3519 1131 3580; x_wconf 90' lang='lat' dir='ltr'>et</span> <span class='ocrx_word' id='word_1_192' title='bbox 1190 3507 1814 3604; x_wconf 87' lang='lat' dir='ltr'>comparationem</span> <span class='ocrx_word' id='word_1_193' title='bbox 1872 3507 2270 3580; x_wconf 89' lang='lat' dir='ltr'>earundem</span> <span class='ocrx_word' id='word_1_194' title='bbox 2330 3508 2578 3603; x_wconf 89' lang='lat' dir='ltr'>quoad</span> <span class='ocrx_word' id='word_1_195' title='bbox 2634 3533 2751 3583; x_wconf 90' lang='lat' dir='ltr'>ra-</span> 
     </span>
     <span class='ocr_line' id='line_1_28' title="bbox 668 3621 2748 3717; baseline 0 -23"><span class='ocrx_word' id='word_1_196' title='bbox 668 3621 969 3707; x_wconf 91' lang='lat' dir='ltr'>tionem,</span> <span class='ocrx_word' id='word_1_197' title='bbox 1012 3621 1455 3717; x_wconf 88' lang='lat' dir='ltr'>imperitiam</span> <span class='ocrx_word' id='word_1_198' title='bbox 1507 3644 1713 3694; x_wconf 93' lang='lat' dir='ltr'>suam</span> <span class='ocrx_word' id='word_1_199' title='bbox 1765 3621 2090 3695; x_wconf 89' lang='lat' dir='ltr'>ostendit</span> <span class='ocrx_word' id='word_1_200' title='bbox 2140 3623 2365 3694; x_wconf 88' lang='lat' dir='ltr'>etiam</span> <span class='ocrx_word' id='word_1_201' title='bbox 2413 3622 2748 3717; x_wconf 90' lang='lat' dir='ltr'>amplius.</span> 
     </span>
     <span class='ocr_line' id='line_1_29' title="bbox 670 3733 2751 3834; baseline 0 -28"><span class='ocrx_word' id='word_1_202' title='bbox 670 3734 865 3807; x_wconf 90' lang='lat' dir='ltr'>Nam</span> <span class='ocrx_word' id='word_1_203' title='bbox 920 3758 1087 3806; x_wconf 91' lang='lat' dir='ltr'>cum</span> <span class='ocrx_word' id='word_1_204' title='bbox 1148 3733 1533 3806; x_wconf 90' lang='lat' dir='ltr'>ostendere</span> <span class='ocrx_word' id='word_1_205' title='bbox 1590 3733 1892 3808; x_wconf 90' lang='lat' dir='ltr'>deberet</span> <span class='ocrx_word' id='word_1_206' title='bbox 1952 3734 2398 3807; x_wconf 85' lang='lat' dir='ltr'>differentias</span> <span class='ocrx_word' id='word_1_207' title='bbox 2457 3736 2751 3834; x_wconf 80' lang='lat' dir='ltr'>quanti-</span> 
     </span>
     <span class='ocr_line' id='line_1_30' title="bbox 670 3846 2749 3944; baseline 0.001 -26"><span class='ocrx_word' id='word_1_208' title='bbox 670 3856 904 3919; x_wconf 81' lang='lat' dir='ltr'>tatum</span> <span class='ocrx_word' id='word_1_209' title='bbox 940 3868 1368 3920; x_wconf 87' lang='lat' dir='ltr'>excessuum</span> <span class='ocrx_word' id='word_1_210' title='bbox 1394 3846 1510 3919; x_wconf 84' lang='lat' dir='ltr'>vel</span> <span class='ocrx_word' id='word_1_211' title='bbox 1546 3846 2005 3920; x_wconf 87' lang='lat' dir='ltr'>residuorum</span> <span class='ocrx_word' id='word_1_212' title='bbox 2039 3870 2197 3919; x_wconf 92' lang='lat' dir='ltr'>esse</span> <span class='ocrx_word' id='word_1_213' title='bbox 2230 3848 2749 3944; x_wconf 79' lang='lat' dir='ltr'>homogeneaS,</span> 
     </span>
     <span class='ocr_line' id='line_1_31' title="bbox 669 3958 2750 4056; baseline 0.001 -24"><span class='ocrx_word' id='word_1_214' title='bbox 669 3958 991 4033; x_wconf 91' lang='lat' dir='ltr'>ostendit</span> <span class='ocrx_word' id='word_1_215' title='bbox 1018 3971 1309 4032; x_wconf 90' lang='lat' dir='ltr'>tantum</span> <span class='ocrx_word' id='word_1_216' title='bbox 1334 3958 1492 4055; x_wconf 89' lang='lat' dir='ltr'>ipsa</span> <span class='ocrx_word' id='word_1_217' title='bbox 1518 3968 1824 4056; x_wconf 83' lang='lat' dir='ltr'>quanta,</span> <span class='ocrx_word' id='word_1_218' title='bbox 1860 3983 2122 4056; x_wconf 91' lang='lat' dir='ltr'>nempe</span> <span class='ocrx_word' id='word_1_219' title='bbox 2158 3984 2496 4034; x_wconf 84' lang='lat' dir='ltr'>excessus</span> <span class='ocrx_word' id='word_1_220' title='bbox 2523 3973 2602 4034; x_wconf 89' lang='lat' dir='ltr'>et</span> <span class='ocrx_word' id='word_1_221' title='bbox 2635 3985 2750 4034; x_wconf 89' lang='lat' dir='ltr'>re-</span> 
     </span>
     <span class='ocr_line' id='line_1_32' title="bbox 666 4072 2748 4170; baseline 0.001 -24"><span class='ocrx_word' id='word_1_222' title='bbox 666 4073 897 4163; x_wconf 91' lang='lat' dir='ltr'>sidua,</span> <span class='ocrx_word' id='word_1_223' title='bbox 920 4096 1077 4146; x_wconf 92' lang='lat' dir='ltr'>esse</span> <span class='ocrx_word' id='word_1_224' title='bbox 1101 4072 1580 4168; x_wconf 85' lang='lat' dir='ltr'>homogenea.</span> <span class='ocrx_word' id='word_1_225' title='bbox 1637 4072 1893 4162; x_wconf 84' lang='lat' dir='ltr'>Nescit</span> <span class='ocrx_word' id='word_1_226' title='bbox 1926 4074 2119 4147; x_wconf 92' lang='lat' dir='ltr'>enim</span> <span class='ocrx_word' id='word_1_227' title='bbox 2159 4073 2608 4170; x_wconf 84' lang='lat' dir='ltr'>distinguere</span> <span class='ocrx_word' id='word_1_228' title='bbox 2641 4075 2748 4147; x_wconf 91' lang='lat' dir='ltr'>in·</span> 
     </span>
     <span class='ocr_line' id='line_1_33' title="bbox 667 4186 2750 4285; baseline 0 -25"><span class='ocrx_word' id='word_1_229' title='bbox 667 4198 781 4261; x_wconf 91' lang='lat' dir='ltr'>ter</span> <span class='ocrx_word' id='word_1_230' title='bbox 817 4197 1163 4285; x_wconf 79' lang='lat' dir='ltr'>quantum</span> <span class='ocrx_word' id='word_1_231' title='bbox 1197 4197 1273 4259; x_wconf 90' lang='lat' dir='ltr'>et</span> <span class='ocrx_word' id='word_1_232' title='bbox 1318 4186 1823 4284; x_wconf 82' lang='lat' dir='ltr'>quantitatem.</span> <span class='ocrx_word' id='word_1_233' title='bbox 1934 4187 2298 4276; x_wconf 91' lang='lat' dir='ltr'>Secundo,</span> <span class='ocrx_word' id='word_1_234' title='bbox 2337 4212 2506 4261; x_wconf 92' lang='lat' dir='ltr'>cum</span> <span class='ocrx_word' id='word_1_235' title='bbox 2547 4187 2750 4261; x_wconf 90' lang='lat' dir='ltr'>dicat</span> 
     </span>
     <span class='ocr_line' id='line_1_34' title="bbox 665 4299 2746 4400; baseline 0.001 -28"><span class='ocrx_word' id='word_1_236' title='bbox 665 4300 793 4373; x_wconf 81' lang='lat' dir='ltr'>ubi</span> <span class='ocrx_word' id='word_1_237' title='bbox 815 4311 1056 4375; x_wconf 83' lang='lat' dir='ltr'>autem</span> <span class='ocrx_word' id='word_1_238' title='bbox 1078 4299 1545 4399; x_wconf 75' lang='lat' dir='ltr'>comparatio</span> <span class='ocrx_word' id='word_1_239' title='bbox 1545 4300 1657 4394; x_wconf 81' lang='lat' dir='ltr'>fit</span> <span class='ocrx_word' id='word_1_240' title='bbox 1681 4300 1932 4398; x_wconf 84' lang='lat' dir='ltr'>quoad</span> <span class='ocrx_word' id='word_1_241' title='bbox 1944 4301 2322 4391; x_wconf 81' lang='lat' dir='ltr'>rationem,</span> <span class='ocrx_word' id='word_1_242' title='bbox 2336 4326 2500 4400; x_wconf 83' lang='lat' dir='ltr'>quoe</span> <span class='ocrx_word' id='word_1_243' title='bbox 2520 4326 2746 4374; x_wconf 80' lang='lat' dir='ltr'>emer·</span> 
     </span>
     <span class='ocr_line' id='line_1_35' title="bbox 659 4415 2745 4514; baseline -0 -27"><span class='ocrx_word' id='word_1_244' title='bbox 659 4423 800 4510; x_wconf 82' lang='lat' dir='ltr'>get</span> <span class='ocrx_word' id='word_1_245' title='bbox 832 4415 1033 4487; x_wconf 82' lang='lat' dir='ltr'>ratio</span> <span class='ocrx_word' id='word_1_246' title='bbox 1069 4423 1655 4514; x_wconf 79' lang='lat' dir='ltr'>comparatorum</span> <span class='ocrx_word' id='word_1_247' title='bbox 1681 4438 1919 4511; x_wconf 76' lang='lat' dir='ltr'>genu-s·</span> <span class='ocrx_word' id='word_1_248' title='bbox 1952 4440 2092 4489; x_wconf 82' lang='lat' dir='ltr'>non</span> <span class='ocrx_word' id='word_1_249' title='bbox 2124 4438 2305 4488; x_wconf 85' lang='lat' dir='ltr'>raro</span> <span class='ocrx_word' id='word_1_250' title='bbox 2340 4415 2647 4504; x_wconf 73' lang='lat' dir='ltr'>deserit,</span> <span class='ocrx_word' id='word_1_251' title='bbox 2670 4424 2745 4487; x_wconf 84' lang='lat' dir='ltr'>et</span> 
     </span>
    </p>
   </div>
  </div>
 </body>
</html>
