3094 5125
963 479 1518 534 PRoBLaMArA
1556 478 1938 532 ansch.
2343 462 2488 542 337

413 645 673 720 ferreae
719 671 765 720 a
803 646 878 720 vi
931 647 1271 721 flectente
1326 658 1734 743 superetur,
1771 647 2269 744 proximarum
2314 670 2452 744 par

413 760 599 832 tium
633 760 951 834 cohaesio
1002 761 1247 834 subito
1280 760 1623 851 vincitur,
1658 761 1871 835 victae
1903 760 2058 834 fere
2093 772 2485 859 antequam

412 897 582 969 pars
616 874 891 948 extima
921 875 1408 971 frangeretur.

508 986 609 1059 A.
661 986 832 1059 Vidi
867 988 1139 1061 vitrum
1191 989 1505 1085 figuram
1553 986 1833 1061 habens
1866 987 2156 1085 qualem
2193 987 2316 1060 hic
2362 1012 2483 1084 ap-

408 1098 684 1195 pictam
736 1100 999 1174 habes:
1051 1124 1339 1198 nempe,
1392 1099 1688 1176 AABC
1727 1101 2058 1175 solidam.
2162 1101 2386 1196 Cujus
2420 1102 2482 1174 si

409 1224 694 1308 partem
733 1214 793 1286 B
811 1214 870 1287 C
908 1216 1276 1312 effringas,
1307 1224 1547 1288 totum
1582 1215 1660 1287 in
1709 1214 2087 1311 pulverem
2134 1213 2482 1288 discutie-

405 1340 551 1403 tur.
657 1330 968 1404 Causam
1002 1331 1467 1428 phaenomeni
1500 1342 1655 1405 tam
1687 1331 1992 1428 insignis
2019 1331 2207 1405 scire
2242 1333 2481 1429 cupio,

405 1442 872 1517 verisimilem
899 1444 1176 1518 saltem.

509 1557 608 1631 B.
659 1558 1264 1654 Experimentum
1289 1558 1464 1632 vidi.
1571 1558 1911 1648 Causam,
1938 1559 2201 1654 primo,
2225 1558 2482 1654 figurae

407 1666 670 1744 dicam.
781 1669 1085 1769 Virgam
1149 1670 1463 1745 ferream
1529 1671 1725 1744 vitro
1792 1670 2216 1768 liquefact0,
2284 1670 2485 1768 quod

402 1781 602 1857 intra
643 1782 1019 1858 fornacem
1062 1784 1143 1859 in
1186 1806 1359 1856 vase
1411 1783 1856 1875 continetur,
1908 1783 2311 1880 intingunt.
2415 1785 2484 1857 A

402 1893 631 1992 virgae
696 1897 1012 1970 termino
1077 1895 1430 1993 pendebit
1494 1906 1714 1993 gutta
1770 1895 2024 1987 vitrea,
2085 1895 2484 1992 liquefacta

405 2008 725 2105 quidem,
761 2008 891 2083 sed
946 2021 1192 2083 tamen
1239 2008 1417 2082 satis
1464 2021 1710 2100 teuaX,
1756 2009 2010 2082 similis
2058 2007 2480 2081 lachrimae:

404 2146 625 2219 quam
651 2124 988 2198 excidere
1023 2123 1098 2196 in
1126 2146 1390 2221 aquam
1424 2123 1697 2227 sinunt.
1779 2122 1962 2196 Inde
1989 2122 2223 2195 oritur
2248 2119 2486 2195 cauda

401 2235 528 2310 illa
576 2236 839 2310 ACB:
904 2260 1049 2335 qua
1102 2246 1345 2332 rupta,
1400 2235 1478 2310 in
1546 2260 1813 2334 aquam
1870 2234 2152 2325 incidit,
2217 2233 2480 2330 primo,

399 2349 698 2446 grandis
724 2350 848 2424 illa
870 2360 1086 2447 gutta
1104 2349 1284 2433 AA;
2392 2392 2394 2400 ,

401 2479 479 2540 et
587 2467 836 2541 statim
958 2468 1288 2567 sequitur

400 2584 637 2659 cauda
679 2586 919 2676 ACB,
973 2597 1051 2660 et
1111 2610 1286 2661 casu

400 2712 769 2778 curvatur.
846 2703 1074 2778 Gutta
1104 2728 1283 2803 ergo

398 2815 537 2890 AA
548 2816 1003 2914 extinguitur
1022 2819 1282 2914 prima,

400 2940 478 3003 et
502 2942 669 3027 post
693 2942 979 3028 guttam
1005 2932 1279 3006 cauda:

397 3048 616 3146 idque
671 3049 1101 3140 successive,
1155 3073 1282 3124 ex-

397 3165 756 3241 tinctione
801 3192 847 3241 a
888 3166 1120 3241 fundo
1167 3168 1281 3242 in-

397 3279 738 3377 cipiente.
796 3280 1115 3378 Cognita
1125 3284 1282 3379 jam

397 3393 723 3490 corporis
787 3394 1007 3491 hujus
1064 3396 1284 3474 vitrei

395 3507 892 3601 generatione,
903 3508 1281 3589 videamus

396 3618 576 3715 quid
608 3620 703 3694 ab
731 3644 820 3695 ea
851 3622 1109 3698 inferri
1148 3651 1280 3724 po-

395 3741 568 3806 test.

499 3846 868 3922 Quoniam
898 3873 1069 3947 pars
1103 3852 1252 3928 AA
1286 3856 1526 3953 prima
1573 3859 2051 3956 extinguitur,
2106 3871 2344 3935 motus
2396 3861 2475 3935 in

397 3979 486 4030 ea
514 3959 862 4054 partium,
912 3964 1036 4060 qui
1081 3967 1175 4040 ab
1209 3967 1380 4065 igne
1414 3969 1492 4043 in
1529 3971 1925 4067 majoribus
1980 3975 2235 4070 spatiis
2285 3974 2476 4048 fere-

395 4067 641 4161 batur,
663 4071 757 4144 ab
785 4096 973 4171 aqua
996 4089 1300 4175 cogetur
1332 4082 1411 4156 in
1445 4083 1683 4179 spatia
1715 4086 2034 4161 minora:
2071 4098 2144 4161 et
2170 4087 2476 4184 proinde

396 4191 641 4256 motus
675 4183 995 4278 partium
1027 4211 1276 4265 versus
1313 4192 1375 4266 B
1412 4194 1735 4272 velocior
1767 4198 1919 4272 fiet.

501 4294 600 4369 Α.
653 4293 856 4370 Quid
887 4296 1039 4373 ita?

498 4407 599 4481 B.
654 4407 733 4481 Si
786 4431 1028 4487 sumas
1059 4412 1342 4511 virgam
1383 4440 1426 4492 e
1471 4416 1693 4513 ferro,
1740 4433 1869 4498 aut
1924 4423 2236 4500 materia
2290 4424 2475 4503 dura

600 4541 789 4596 vor..
820 4543 933 4596 1v.
2231 4562 2278 4614 z

2591 677 2726 718 CAP.
2755 676 2814 719 V.

2612 804 2680 848 De
2696 804 2810 847 duro

2614 873 2659 913 et
2675 868 2809 913 molli.
