3094 5125
584 467 731 547 270
1238 485 1346 538 ΒΕ
1386 486 1732 540 NATURA
1768 486 2041 539 Aulus

573 652 851 748 jacenti
895 652 973 725 in
1020 652 1285 727 arida*
1322 667 1944 750 superponeretur
2004 656 2182 729 satis
2227 678 2501 752 magna
2553 680 2678 729 co-

466 754 483 777 '
580 766 834 838 lumna
867 790 1100 863 aquae,
1137 791 1304 862 quae
1355 767 1549 841 illius
1605 770 1896 865 corpori
1955 792 2093 842 nec
2131 782 2495 865 praeterea
2546 769 2679 843 ulli

579 878 689 950 rei
722 878 1183 970 inniteretur,
1219 881 1706 977 proculdubio
1741 907 1788 955 a
1822 894 2031 956 tanto
2090 882 2421 978 pondere
2453 883 2676 957 homo

581 1001 1109 1065 contereretur.
1214 993 1585 1067 Caeterum
1644 994 1882 1068 eidem
1928 994 2208 1067 homini
2259 995 2541 1090 jacenti
2598 995 2678 1068 in

578 1104 811 1177 fundo
864 1104 1108 1194 mariS,
1145 1106 1504 1179 columnae
1553 1106 1884 1202 ejusdem
1939 1107 2326 1179 innitentis
2384 1106 2676 1203 pondus

577 1241 730 1290 non
766 1217 1188 1290 sentiretur.
1292 1219 1487 1292 Nam
1522 1219 1730 1292 locus
1778 1219 2014 1293 omnis
2049 1220 2127 1292 in
2162 1220 2402 1315 figura
2435 1221 2674 1316 sphae-

577 1330 733 1403 rica
790 1331 1144 1420 materiae,
1214 1332 1686 1426 quantumvis
1754 1332 2065 1420 subtilis»,
2133 1355 2180 1404 a
2230 1343 2505 1405 conatu
2579 1335 2673 1428 (si

578 1467 797 1540 quem
830 1443 1131 1536 habeat)
1159 1469 1205 1518 a
1231 1444 1821 1519 circumferentia
1847 1445 1943 1520 ad
1964 1456 2299 1519 centrum
2327 1459 2672 1520 arcuatus

575 1557 729 1630 sive
756 1570 1312 1632 concameratus
1347 1569 1483 1649 est,
1519 1561 1629 1632 ita
1663 1572 1748 1632 ut
1782 1583 1933 1633 non
1960 1559 2194 1655 possit
2229 1581 2466 1647 ruere,
2503 1581 2666 1647 nec,

572 1694 707 1767 per
741 1694 1218 1767 consequenS,
1244 1671 1321 1744 in
1355 1672 1645 1745 ruinam
1680 1673 1840 1745 niti.
1931 1671 2020 1744 Id
2055 1670 2254 1767 quod
2285 1671 2670 1767 perspicue

572 1784 711 1857 tibi
770 1782 1140 1881 descripta
1188 1787 1447 1882 figura,
1496 1785 1559 1859 si
1618 1784 1810 1859 tanti
1861 1807 2022 1857 esse
2072 1794 2308 1879 putaS‚
2364 1781 2667 1856 demon-

572 1899 844 1971 strabo.

673 2011 772 2085 B.
825 2012 1044 2085 Tanti
1078 2036 1235 2085 esse
1269 2022 1476 2109 puto.
1579 2012 2025 2086 Demonstra
2060 2032 2262 2104 ergo.

630 2122 761 2197 -A.
819 2124 1092 2198 Centro
1129 2137 1348 2199 terrae
1382 2126 1473 2214 A,
1509 2125 1718 2199 radio
1752 2124 1920 2213 AB,
1957 2134 2236 2219 quanta
2286 2129 2398 2193 est
2454 2120 2664 2193 semi·

569 2238 925 2312 diameter
959 2239 1492 2334 atmosphaerae,
1523 2238 1983 2312 describatur
2008 2234 2323 2308 circulus
2347 2232 2661 2307 BCDB.

570 2351 826 2448 Sitque
885 2374 1055 2448 pars
1114 2350 1623 2448 atmosphaerae
1677 2351 1875 2424 intra
1934 2359 2170 2422 totam
2215 2347 2459 2442 posita
2505 2348 2665 2420 ubi-

569 2487 859 2559 cunque
897 2463 1036 2535 bc:
1091 2487 1312 2561 super
1360 2488 1583 2561 quam
1639 2464 1935 2537 insistat
1989 2462 2331 2535 columna
2390 2470 2665 2533 atmos-

565 2577 892 2673 phaerica
925 2576 1150 2671 quc.
1230 2577 1418 2650 Dico
1456 2579 1876 2652 columnam
1907 2574 2112 2669 egfbc
2145 2597 2296 2647 non
2332 2597 2664 2669 premere

564 2690 930 2786 gravitate
977 2713 1110 2762 sua
1156 2701 1443 2787 partem
1479 2690 1599 2765 bc.
1705 2691 1897 2765 Nam
1933 2687 1996 2761 si
2028 2687 2322 2785 premit,
2359 2700 2664 2783 propter

563 2803 999 2899 gravitatem
1035 2804 1308 2900 premit
1339 2807 1672 2880 materiae
1703 2802 2244 2898 atmosphaerae.
2334 2800 2661 2875 Conatus

566 2916 793 3012 igitur
859 2917 1219 2991 columnae
1287 2918 1489 3014 efbc
1553 2932 1842 3015 premet
1898 2925 2185 3011 partem
2247 2913 2347 2986 bc
2405 2936 2659 2988 versus

564 3041 900 3103 centrum
934 3031 1026 3120 A,
1063 3030 1141 3103 id
1186 3041 1324 3121 est,
1381 3055 1513 3128 per
1567 3042 1808 3105 rectas
1843 3028 1988 3116 bA,
2025 3030 2167 3117 cA,
2225 3037 2303 3099 et
2353 3036 2658 3101 caeteras

563 3142 1061 3216 intermedias,
1166 3144 1424 3216 Omnis
1465 3145 1663 3218 enim
1705 3152 2013 3217 conatus
2050 3139 2380 3237 corporis
2411 3142 2656 3235 gravis

562 3268 676 3329 est
744 3280 789 3329 a
852 3255 1443 3329 circumferentia
1500 3257 1598 3330 ad
1678 3281 1851 3330 cen-

562 3380 759 3440 trum
784 3380 1005 3442 terrae
1030 3368 1525 3465 undiquaque.
1599 3370 1849 3445 Quare

561 3480 677 3571 bc,
760 3505 925 3578 quae
998 3483 1238 3578 major
1297 3496 1408 3556 est
1476 3508 1698 3580 quam
1764 3498 1850 3560 ut

556 3595 791 3690 possit
844 3593 1288 3668 descendere
1343 3596 1420 3667 in
1481 3598 1850 3695 triangulo

559 3706 758 3797 bcA,
787 3732 935 3781 non
963 3717 1209 3804 potest
1237 3707 1681 3785 descendere
1710 3713 1851 3787 nisi

554 3821 783 3895 faciat
815 3833 1056 3895 rectas
1092 3821 1239 3911 bA,
1287 3824 1408 3896 cA
1443 3823 1849 3922 divergere,

552 3945 640 4009 ut
696 3936 792 4010 sit
852 3935 1313 4010 descensioni
1367 3937 1597 4013 locus,
1704 3941 1851 4014 Sed

553 4050 715 4123 fieri
750 4050 893 4123 hoc
928 4074 1076 4123 non
1124 4061 1390 4146 potest,
1429 4053 1603 4148 quia
1637 4077 1854 4128 cona-

552 4173 673 4236 tus
743 4164 1253 4260 atmosphaerae
1315 4165 1393 4238 in
1456 4165 1562 4239 db
1610 4181 1687 4240 et
1737 4194 1854 4267 gc

631 4411 666 4445 ⁴*
715 4410 814 4470 Sic
840 4412 1000 4471 Edit.
1040 4417 1184 4474 1661
1219 4425 1278 4474 et
1313 4418 1481 4475 1668.
1571 4414 1780 4489 Quaere
1812 4423 1848 4452 “
1866 4418 1928 4476 in
1957 4421 2177 4480 aridam
2205 4421 2455 4480 terram'’
2483 4421 2510 4481 ?
