3094 5125
1072 489 1178 540 DE
1221 491 1559 544 NATURA
1600 492 1874 544 AERls.
2373 483 2506 546 241

533 654 623 727 A.
678 656 907 728 Recte
965 655 1170 746 dieis,
1233 659 1451 731 modo
1512 659 1849 731 voluntas
1901 682 1989 730 ea
2023 658 2116 730 ad
2174 658 2516 732 scientias

439 765 652 862 ipsas,
693 793 841 842 non
891 769 986 842 ad
1039 770 1313 866 ingenii
1349 771 1662 867 gloriam
1711 771 2093 866 dirigatur.
2201 773 2345 845 Sed
2400 773 2517 845 dic

435 904 701 976 quaeso,
740 884 814 955 in
854 883 1094 956 causis
1132 907 1375 957 rerum
1419 884 1948 981 investigandis
2007 909 2225 981 quam
2279 887 2521 982 sequi-

435 994 608 1068 mini
637 996 1114 1069 methodum?

534 1107 629 1180 B.
687 1109 1167 1182 Proferuntur
1218 1110 1455 1207 primo
1509 1112 2034 1206 experimenta,
2072 1112 2336 1185 deinde
2372 1114 2514 1185 alio

434 1219 569 1308 die,
594 1245 813 1318 quam
849 1223 1151 1320 quisque
1173 1248 1468 1296 causam
1506 1224 1970 1320 phaenomeni
2007 1250 2160 1298 esse
2189 1227 2515 1321 suspica-

429 1345 573 1422 tur,
612 1359 771 1407 eam
808 1337 976 1409 viva
1006 1361 1212 1425 voce,
1248 1349 1331 1410 ut
1367 1349 1639 1433 potest,
1677 1339 2015 1434 explicat.
2124 1339 2316 1411 Nam
2371 1339 2517 1411 his-

428 1448 639 1521 toriae
673 1450 990 1521 naturali
1027 1451 1320 1547 scriptae
1355 1475 1505 1523 non
1542 1452 1718 1524 satis
1764 1452 2099 1535 fidimus;
2158 1475 2394 1547 neque
2452 1453 2512 1524 si

427 1561 851 1634 certissimae
886 1574 1149 1650 essent,
1187 1564 1364 1635 satis
1400 1564 1754 1637 inservire
1812 1576 2111 1660 possent
2167 1563 2510 1637 instituto

425 1683 703 1757 nostro,
739 1673 959 1747 nudae
995 1675 1395 1747 existentes
1427 1676 2172 1763 circumstantiarum,
2213 1700 2378 1771 quae
2416 1676 2511 1749 ad

428 1809 686 1860 causas
720 1788 1092 1860 naturales
1130 1788 1608 1861 inveniendas
1643 1801 1816 1862 sunt
1850 1791 2308 1863 necessariae.

524 1899 624 1971 A.
679 1900 990 1973 Rectum
1019 1901 1314 1996 quidem
1348 1901 1530 1973 illud
1567 1914 1698 1986 est,
1723 1902 1815 1974 de
1850 1927 2000 1974 non
2037 1914 2315 1974 temere
2352 1926 2510 1974 cre-

426 2011 666 2085 denda
699 2012 1027 2087 historia.
1135 2013 1279 2086 Sed
1318 2037 1413 2085 an
1449 2015 1673 2086 etiam
1709 2038 1798 2087 ea
1822 2015 2307 2110 phaenomena
2344 2038 2506 2109 quae

424 2146 869 2220 unoquoque
925 2125 1077 2197 fere
1140 2126 1257 2198 die
1317 2126 1816 2223 unusquisque
1876 2138 2201 2199 vestrum
2259 2127 2507 2199 videre

425 2247 688 2330 potest,
716 2248 1053 2334 suspecta
1087 2249 1282 2326 sunt,
1307 2238 1447 2310 nisi
1481 2238 1608 2311 illa
1643 2263 1896 2312 omnes
1920 2238 2137 2311 simul
2159 2238 2506 2311 videatis?

427 2349 574 2422 Aut
629 2374 716 2422 ea
768 2375 932 2446 quae
966 2351 1232 2423 videtis
1279 2352 1354 2423 in
1404 2352 1737 2424 conclavi
1776 2352 2304 2448 experimenta,
2341 2377 2504 2447 quae

423 2485 594 2535 sane
652 2487 891 2560 pauca
958 2488 1115 2537 esse
1177 2476 1489 2554 constat,
1554 2466 1729 2538 satis
1790 2489 1948 2539 esse
2015 2464 2314 2538 creditis
2347 2495 2365 2547 ;
2420 2489 2507 2537 ea

419 2590 689 2667 autem,
729 2603 891 2674 quae
926 2579 1132 2652 vobis
1170 2579 1497 2676 quotidie
1534 2590 1906 2653 ostentant
1942 2581 2211 2653 coelum
2247 2580 2503 2667 altum,

418 2702 834 2787 pontusque
892 2705 970 2765 et
1031 2692 1183 2765 lato
1244 2704 1547 2789 pectore
1599 2693 1838 2782 telluS,
1905 2693 2084 2766 satis
2141 2715 2296 2765 esse
2355 2717 2505 2765 non

418 2806 744 2900 putatis?

517 2919 616 2991 B.
672 2919 861 2991 Sunt
922 2919 1116 2992 enim
1185 2930 1472 2992 naturae
1542 2942 1769 3015 opera
1823 2920 2162 3015 quaedam
2218 2920 2499 3009 critica,

416 3053 566 3104 non
600 3031 743 3104 nisi
777 3044 936 3105 arte
960 3044 1036 3105 et
1057 3032 1435 3129 diligentia
1460 3033 1672 3106 nobis
1701 3034 2042 3128 cognita;
2081 3034 2156 3105 in
2189 3057 2501 3129 quorum

416 3168 565 3217 uno
589 3146 835 3242 aliquo
863 3157 1169 3232 naturae‚
1204 3158 1290 3217 ut
1343 3146 1448 3218 ita
1502 3146 1767 3234 dicam,
1804 3145 2216 3232 artificium,
2252 3145 2330 3217 id
2364 3158 2499 3234 est,

417 3259 679 3331 modus
725 3259 1078 3355 operandi
1148 3259 1608 3332 manifestius
1680 3283 1758 3332 se
1825 3259 2097 3355 prodit,
2157 3245 2375 3354 quam
2422 3260 2500 3330 in

418 3372 694 3444 centies
737 3373 935 3446 mille
969 3373 1469 3469 phaenomenis
1505 3373 1666 3445 istis
1724 3372 2191 3468 quotidianis,
2294 3373 2502 3445 Talia

418 3496 663 3558 autem
731 3498 905 3560 sunt
971 3487 1475 3582 experimenta
1541 3498 1819 3574 nostra,
1890 3510 2203 3582 quorum
2283 3487 2498 3558 unius

418 3622 640 3671 causa
663 3598 962 3673 inventa
986 3600 1080 3673 ad
1114 3622 1501 3672 numerum
1546 3598 1917 3672 infinitum
1963 3600 2203 3696 aptari
2253 3612 2501 3694 potest

415 3711 957 3806 phaenomenwn
989 3713 1511 3787 communium.

520 3827 617 3900 A.
674 3827 1035 3901 Quaenam
1071 3841 1243 3901 sunt
1271 3828 1390 3899 illa
1426 3826 1450 3898 Ρ
1529 3826 1674 3898 Sed
1709 3826 1912 3921 prius
1966 3824 2219 3896 audire
2255 3823 2494 3918 cupi0,

418 3939 714 4034 quinam
749 3941 895 4014 sint
927 3942 1032 4014 illi
1066 3942 1400 4024 homines
1436 3940 1638 4012 docti
1693 3941 1817 4034 qui
1853 3950 2170 4010 vestram
2225 3935 2497 4008 consti-

417 4063 640 4126 tuunt
694 4055 1191 4128 Academiam.
1332 4056 1526 4127 Nam
1603 4053 2039 4125 Academias
2125 4049 2498 4145 appellant

416 4166 803 4239 societates
867 4167 1223 4261 ejusmodi
1271 4167 1459 4240 Galli
1517 4165 1854 4260 Italique.
1968 4162 2219 4235 Talem
2290 4163 2498 4234 aiunt

417 4300 577 4350 esse
613 4279 902 4352 Parisiis
931 4278 1148 4352 hodie
1183 4281 1258 4351 in
1296 4280 1513 4351 domo
1551 4278 1827 4350 domini
1877 4274 2295 4349 Mommori.
2398 4274 2495 4345 Et

418 4412 583 4464 cum
618 4414 756 4485 ego
791 4414 991 4464 eram
1041 4391 1355 4481 Parisiis,
1412 4402 1857 4464 conventum
1911 4387 2297 4462 habuimus
2345 4411 2496 4461 non

616 4525 802 4577 νοτ..
835 4528 947 4578 lv.
2244 4524 2294 4573 R
