3094 5125
919 502 1543 553 MATHEMAmcAE
1588 501 2067 553 nonmRNAE.
2384 485 2513 564 167

441 669 869 757 rationibuS,
906 669 1473 743 authoritatibus
1507 668 1687 741 nihil
1733 669 2124 765 pensitant,
2162 671 2514 742 momenti

441 796 656 856 esset.
761 783 1020 878 Capite
1081 783 1157 854 ix
1207 782 1644 870 continetur,
1681 783 1942 878 prime,
2003 793 2514 877 argumentum

441 895 784 968 Peletarii
843 894 1245 968 deductum
1291 919 1380 966 ex
1441 896 1674 990 gratis
1712 907 2088 991 assumpto
2142 894 2514 986 lemmate,

439 1008 753 1107 angulos
804 1007 1452 1097 semicirculorum,
1507 1008 1586 1081 id
1642 1021 1776 1097 est,
1825 1032 2007 1104 quos
2065 1008 2344 1081 faciunt
2404 1008 2516 1081 di-

439 1123 703 1194 ametri
740 1145 907 1195 cum
965 1122 1585 1218 semiperimetriS,
1621 1145 1785 1193 esse
1840 1120 2184 1218 oequalee.
2292 1122 2514 1196 Quod

438 1235 894 1309 verissimum
931 1234 1225 1332 quidem
1260 1245 1396 1324 est,
1430 1234 1561 1308 sed
1588 1234 1886 1307 omnino
1907 1234 2105 1308 idem
2126 1235 2325 1332 quod
2343 1259 2513 1331 pro-

437 1348 762 1426 bandum
831 1360 1011 1423 erat.
1148 1348 1329 1422 Inde
1397 1361 1644 1421 autem
1716 1346 2241 1439 demonstrare,
2313 1349 2515 1444 quod

439 1461 749 1556 angulus
785 1472 1166 1535 contactus
1212 1486 1362 1535 non
1412 1463 1639 1535 habet
1695 1462 2206 1558 quantitatem,
2241 1462 2512 1558 impos-

438 1574 646 1648 sibile
681 1587 818 1649 est.
923 1575 1267 1670 Sequitur
1294 1575 1589 1669 quidem
1623 1575 1795 1648 inde
1828 1576 2180 1671 angulum
2214 1587 2513 1649 contac-

440 1700 559 1760 tus
618 1687 891 1760 nullam
949 1700 1239 1783 partem
1290 1710 1448 1760 esse
1502 1688 1754 1783 anguli
1814 1689 1941 1784 qui
2002 1689 2421 1762 continetur
2467 1714 2513 1764 a

440 1798 798 1874 diametro
835 1812 912 1873 et
947 1800 1583 1883 circumferentia;
1635 1824 1786 1873 non
1812 1812 2058 1873 autem
2106 1801 2304 1897 quod
2361 1826 2511 1875 non

438 1913 661 1985 habet
707 1936 913 1985 suam
974 1913 1109 1985 sibi
1170 1911 1699 2007 quantitatem;
1753 1935 1891 1984 nec
1946 1913 2141 2007 quod
2201 1913 2511 2008 angulus

439 2036 823 2098 contactus
854 2048 1044 2097 unus
1077 2025 1306 2097 altero
1342 2047 1491 2096 non
1518 2024 1749 2119 possit
1782 2047 1941 2097 esse
1965 2024 2082 2098 vel
2119 2027 2372 2121 major,
2397 2026 2509 2098 vel

440 2138 701 2227 minor,
759 2137 877 2209 vel
932 2137 1252 2232 aequaliS.
1353 2138 1463 2211 Ea
1520 2148 1769 2210 autem
1827 2161 1990 2233 quae
2048 2161 2180 2233 per
2244 2138 2512 2213 lemma

438 2274 648 2323 suum
705 2250 849 2323 tria
908 2251 1409 2340 enuntiantur,
1462 2274 1613 2324 non
1651 2262 1823 2324 sunt
1876 2248 1968 2322 de
2016 2251 2290 2380 angulo
2334 2276 2510 2324 con-

438 2374 701 2452 tactuS,
732 2363 863 2437 sed
891 2363 1026 2437 de
1007 2386 1169 2459 ipso
1198 2374 1592 2446 contactu3
1628 2365 1835 2460 quasi
1858 2377 2099 2439 essent
2119 2366 2244 2461 qui
2270 2365 2510 2462 ipsum

440 2488 862 2552 contactum
897 2476 1246 2574 angulum
1281 2500 1438 2550 esse
1474 2476 1828 2551 dicerent.

537 2591 631 2663 B.
686 2590 834 2664 Sed
886 2614 1019 2687 per
1072 2602 1493 2665 contactum
1553 2592 1860 2689 intelligi
1920 2592 2078 2666 vult
2125 2604 2508 2668 contactus

439 2704 811 2800 angulum.

538 2819 633 2890 A.
691 2816 951 2890 Credo.
1008 2816 1153 2889 Sed
1188 2816 1387 2913 quod
1418 2840 1569 2890 non
1629 2817 1976 2915 loquutus
2013 2820 2110 2893 sit
2143 2830 2506 2906 accurate,

441 2931 515 3002 in
543 2954 760 3003 causa
785 2941 944 3003 erat
978 2929 1177 3026 quod
1211 2943 1551 3003 naturam
1587 2932 1838 3028 anguli
1860 2956 2007 3006 non
2030 2933 2506 3028 perspexerit.

439 3044 711 3116 Verum
739 3043 1012 3115 lemma
1034 3041 1216 3115 illud
1242 3043 1583 3117 Peletarii
1620 3045 1877 3139 Capite
1905 3069 1955 3118 x
2006 3044 2507 3119 demonstrare

437 3158 711 3231 frustra
761 3167 1069 3230 conatur
1120 3156 1510 3231 wallisius,
1616 3158 1808 3231 Nam
1855 3159 1991 3231 etsi
2052 3160 2510 3232 verissimum

439 3272 556 3360 sit,
611 3283 862 3345 tamen
928 3270 1069 3342 nisi
1141 3294 1231 3344 ex
1292 3271 1716 3345 definitione
1768 3272 2016 3368 anguli
2084 3272 2511 3368 simpliciter

440 3384 642 3475 dicti,
679 3386 831 3458 sive
865 3384 1250 3475 rectilinei,
1288 3386 1775 3460 demonstrari
1809 3410 1957 3458 non
1990 3394 2258 3482 potest.

537 3499 633 3571 B.
690 3497 1082 3572 Quomodo
1150 3508 1392 3571 autem
1460 3499 1728 3572 lemma
1806 3497 1987 3572 illud
2053 3499 2509 3573 demonstra-

437 3612 549 3685 bis
600 3623 682 3685 tu
714 3610 740 3683 ?

538 3726 636 3798 A.
693 3724 1088 3799 Quantitas
1116 3724 1366 3821 anguli
1399 3724 1784 3813 rectilinei,
1818 3748 1952 3820 per
2010 3723 2510 3799 definitionem

441 3861 699 3928 meam,
737 3850 849 3911 est
883 3837 1253 3933 quantitas
1292 3861 1511 3933 quam
1542 3838 1769 3911 habet
1814 3861 2027 3911 arcus
2060 3839 2511 3935 interceptus

440 3951 631 4025 inter
664 3952 847 4025 duos
882 3951 1151 4041 radios,
1187 3963 1609 4047 comparata
1642 3952 1738 4024 ad
1772 3953 2257 4047 quantitatem
2284 3951 2510 4024 totius

440 4066 836 4160 perimetri.
942 4065 1089 4137 Sed
1122 4065 1432 4162 angulus
1467 4065 1707 4140 factus
1741 4067 1936 4140 inter
1964 4066 2398 4139 diametrum
2435 4078 2511 4138 et

440 4188 888 4273 tangentem,
961 4178 1240 4250 nullum
1317 4179 1692 4275 intercipit
1758 4204 2032 4252 arcum.
2143 4179 2276 4252 Est
2334 4201 2511 4273 ergo

442 4292 809 4384 quantitas
832 4290 1082 4385 anguli
1112 4303 1489 4366 contactus
1516 4294 1716 4367 nulla
1742 4318 1909 4390 pars
1936 4292 2362 4389 quantitatis
2384 4315 2514 4364 an-

2588 697 2885 738 DIALOGUS

2716 777 2771 817 V.

2593 845 2878 880 κ-Ὗ-κ
