3094 5125
705 481 748 545 4
1130 493 1670 545 ExAmNATro
1713 494 1813 543 ur
1853 494 2349 545 EMaNnArlo

332 650 634 732 manneus
708 663 801 735 ab
856 661 1189 757 Egyptiis
1237 662 1598 750 didicisse,
1652 662 1921 735 author
1967 675 2079 735 est
2130 663 2458 735 historiae
2516 662 2779 734 veteris

338 841 347 854 .
458 771 497 810 ¹·
616 840 625 853 ,
709 775 1195 871 transcriptor
1258 775 1623 848 Diodorus
1694 776 2002 863 SiculuS,
2069 776 2144 847 in
2206 775 2529 848 secunda
2579 787 2781 871 parte

708 888 874 961 libri
896 888 1113 984 primi
1137 889 1240 960 sic
1264 890 1632 961 scribens:
1693 887 2080 961 Chaldaeos
2107 889 2328 961 etiam
2355 888 2629 977 dicunt,
2658 889 2784 986 qui

708 1001 784 1073 in
822 1000 1203 1097 Babylone
1243 1012 1413 1074 sunt
1463 1001 1700 1075 coloni
1736 1001 2266 1099 Egyptiorum,
2305 1010 2630 1099 propter
2663 1027 2784 1074 as-

709 1114 1107 1214 trologiam
1136 1115 1527 1201 celebrari,
1563 1141 1777 1213 qaam
1803 1140 1852 1187 a
1879 1114 2390 1188 sacerdotibus
2417 1114 2784 1213 Egyptiis

708 1227 1147 1301 didicerunt.
1253 1230 1438 1304 Quis
1474 1230 1633 1302 haec
1669 1229 2144 1302 conciliabit?

809 1338 901 1413 B.
954 1341 1199 1414 Etiam
1233 1342 1643 1415 Wallisium
1681 1341 2028 1414 credibile
2063 1353 2196 1429 est,
2233 1343 2388 1436 ejus
2437 1341 2634 1436 quod
2666 1342 2783 1414 hic

710 1452 911 1541 dicit,
950 1454 1329 1528 authorem
1366 1455 1708 1528 habuisse
1735 1454 2403 1549 historiographum
2432 1455 2779 1550 aliquem;

709 1590 879 1638 nam
909 1566 1292 1641 dissentire
1318 1569 1510 1641 inter
1536 1592 1613 1641 se
1638 1568 2023 1640 historicos
2044 1567 2456 1639 mirandum
2478 1592 2624 1641 non
2651 1582 2782 1641 est.

811 1677 903 1751 A.
948 1680 1057 1752 Et
1076 1692 1370 1779 proeter
1402 1682 1623 1753 varia
1658 1680 2110 1753 theoremata
2136 1680 2230 1751 de
2255 1704 2434 1752 novo
2469 1681 2782 1772 inventa,

712 1793 885 1890 ipsa
921 1794 1327 1867 inveniendi
1360 1794 1739 1867 methodus
1773 1793 2547 1888 multumfaeilitatur.
2652 1793 2785 1867 Al-

706 1905 981 2004 gebroe,
1019 1932 1298 2005 nempe,
1335 1908 1489 1980 sive
1519 1906 1917 2003 analyticae
1956 1930 2132 1978 usus
2179 1905 2383 1978 ultra
2420 1932 2633 2003 quam
2668 1907 2787 2005 qui

710 2019 1078 2091 veteribus
1113 2020 1446 2108 innotuit,
1460 2022 1630 2115 jam
1666 2019 2071 2091 innotescit.

813 2131 904 2203 B.
964 2133 1322 2207 Quaenam
1380 2144 1554 2205 sunt
1596 2131 1722 2203 illa
1767 2132 2224 2204 theoremata
2268 2155 2459 2205 nova
2494 2157 2625 2228 per
2661 2135 2786 2206 Al-

708 2247 1007 2341 gebram
1047 2244 1397 2317 inventa?

813 2359 907 2433 A.
964 2358 1320 2452 Intelligit
1353 2357 1664 2429 fortasse
1701 2381 1808 2445 ea,
1848 2382 2011 2453 quae
2046 2370 2218 2430 sunt
2261 2358 2338 2432 in
2374 2359 2787 2454 Ougthredi

710 2469 933 2543 Clave
985 2469 1529 2543 Mathematica.
1640 2469 1787 2542 Sed
1839 2481 2083 2542 tamen
2138 2472 2368 2543 multa
2429 2472 2568 2544 illis
2625 2473 2786 2569 pul-

710 2584 1002 2658 chriora
1034 2585 1111 2657 in
1144 2584 1332 2658 libro
1370 2585 1682 2680 septimo
1719 2585 1945 2681 Pappi
1993 2597 2270 2675 extant,
2322 2586 2619 2659 inventa
2654 2610 2787 2682 per

707 2699 1103 2794 algebram,
1167 2698 1304 2770 etsi
1367 2699 1524 2769 sine
1599 2699 1942 2794 symbolis
2025 2697 2528 2772 demonstrata
2609 2701 2782 2772 sint.

709 2811 855 2884 Sed
889 2812 1218 2884 neutrius
1254 2811 1708 2884 theoremata
1742 2812 1885 2883 alia
1921 2822 2091 2884 sunt
2139 2836 2358 2907 quam
2408 2837 2568 2908 quae
2610 2837 2785 2886 con-

704 2923 1033 2996 tinentur
1057 2925 1133 2997 in
1156 2923 1493 2996 doctrina
1520 2924 2110 3020 rectangulorum
2143 2939 2219 2997 et
2247 2926 2785 3022 triangulorum

704 3038 1275 3110 rectilineorum.
1379 3038 1671 3110 Falsum
1708 3039 1928 3110 etiam
1967 3048 2100 3125 est,
2139 3038 2337 3134 quod
2372 3039 2493 3111 ille
2518 3039 2783 3128 innuit,

705 3150 1077 3246 algebram
1113 3163 1188 3223 et
1215 3151 1656 3247 analyticam
1693 3151 1999 3223 eandem
2027 3175 2183 3223 esse
2209 3174 2388 3223 rem.
2493 3151 2785 3224 Falsum

704 3263 907 3351 item,
964 3264 1334 3360 algebram
1389 3263 1820 3336 methodum
1877 3287 2034 3336 esse
2091 3263 2533 3337 inveniendi.
2640 3265 2784 3338 Sed

706 3376 865 3450 haec
902 3377 1260 3472 posterius
1294 3377 1673 3473 magisque
1720 3400 1852 3450 suo
1886 3377 2048 3450 loco
2085 3377 2786 3451 examinabimuS.——
2861 3461 2866 3470 ⁸

707 3489 1184 3562 Astronomia
1271 3490 1561 3562 eximiis
1646 3490 1958 3563 inventis
2026 3489 2786 3564 instauratur.—Nu-

705 3615 943 3674 merat
1000 3603 1145 3675 hoc
1211 3604 1399 3691 loco,
1469 3602 2040 3675 observationem
2112 3603 2504 3676 stellarum
2576 3603 2786 3675 circa

706 3714 957 3788 Jovem
985 3745 1013 3800 ‚·
1088 3716 1290 3789 Solis
1345 3715 1677 3789 maculas
1701 3745 1729 3800 ;
1798 3717 2108 3789 Saturni
2163 3716 2468 3790 ansulas
2487 3745 2516 3800 ;
2574 3715 2786 3788 Jovia-

675 3828 996 3924 saseias
1019 3857 1047 3912 ;
1120 3829 1350 3902 Lunae
1413 3829 1917 3926 asperitatem.
2024 3830 2169 3903 Sed
2233 3829 2409 3926 quid
2469 3830 2629 3903 haec
2689 3828 2784 3902 ad

705 3942 1078 4038 algebram
1108 3941 1133 4014 ἓ
1234 3943 1349 4015 Ne
1377 3966 1422 4014 a
1446 3954 1826 4038 geometra
1853 3942 2173 4038 quidem,
2203 3956 2333 4015 aut
2359 3954 2783 4015 astronomo

704 4056 877 4143 ullu,
936 4055 1236 4128 inventa
1290 4056 1448 4128 haec
1495 4067 1689 4144 sunt,
1747 4055 1877 4128 sed
1932 4056 2024 4127 ab
2073 4056 2415 4128 illiterato
2464 4055 2783 4152 quodam

707 4171 1007 4242 Batavo,
1112 4168 1304 4240 Nam
1341 4167 1468 4255 illi,
1505 4168 1623 4240 cui
1664 4166 1991 4240 inventio
2035 4168 2346 4241 debetur
2379 4169 2781 4265 telescopii,

707 4282 1012 4356 debetur
1047 4305 1338 4377 quoque
1387 4280 1708 4353 detectio
1755 4281 2130 4354 stellarum
2165 4283 2210 4355 J
2215 4282 2580 4370 ovialium,
2630 4306 2784 4354 ma-

701 4396 1025 4468 cularum
1072 4395 1442 4482 solarium,
1490 4394 1615 4466 &c.
1723 4392 1991 4466 Nonne
2026 4408 2102 4467 et
2139 4394 2272 4466 tibi
2309 4394 2413 4466 sic
2449 4394 2780 4468 videtur?
