3094 5125
1070 503 1738 558 GEOMETRARUM.
2294 493 2432 558 411

361 669 556 742 enim
593 669 655 743 si
705 670 934 766 (quod
968 670 1088 744 ille
1124 672 1334 767 dicit)
1381 686 1740 768 punctum
1794 673 1977 746 nihil
2028 683 2163 761 est,
2201 674 2442 747 consi-

363 782 602 856 derari
667 795 1025 880 punctum
1093 785 1285 858 inter
1355 798 1783 882 utramque:
1852 809 2027 860 nam
2090 787 2442 883 contigua

359 907 670 991 possunt
721 920 873 969 non
915 896 1133 970 modo
1186 896 1350 969 loco
1403 896 1747 993 disjungi,
1784 898 1913 971 sed
1948 898 2175 971 etiam
2209 899 2440 996 quali-

359 1022 510 1081 tate
545 1008 792 1104 aliqua
826 1009 1142 1099 differre,
1180 1021 1263 1083 ut
1308 1010 1579 1083 colore.
1685 1011 1786 1084 Et
1843 1023 2238 1108 propterea
2293 1012 2441 1086 duo

361 1135 580 1194 sunt:
637 1134 713 1194 et
747 1123 852 1195 sic
906 1123 1333 1196 habebimus
1381 1123 1526 1196 tria
1578 1136 1876 1218 puncta,
1913 1123 2259 1197 nimirum
2297 1125 2442 1198 duo

357 1235 434 1306 in
469 1235 645 1331 ipsis
679 1235 888 1308 lineis
934 1236 1299 1332 contiguis
1352 1260 1665 1333 quorum
1716 1237 2030 1310 alterum
2066 1237 2160 1309 sit
2196 1238 2445 1311 album

357 1348 672 1421 alterum
731 1350 1051 1444 nigrum,
1086 1364 1162 1424 et
1212 1350 1407 1424 inter
1457 1350 1584 1423 illa
1634 1350 1779 1422 duo
1830 1361 2109 1445 puncta
2141 1351 2445 1423 tertium

356 1463 628 1535 nullius
662 1464 950 1537 coloris,
1056 1463 1699 1537 Quemadmodum
1746 1463 1969 1536 etiam
2012 1462 2175 1534 duae
2208 1462 2446 1559 planae

359 1577 777 1671 superficies
837 1576 1153 1650 admotae
1212 1578 1310 1651 ad
1361 1589 1785 1650 contactum
1837 1588 2173 1650 mutuum
2226 1587 2445 1650 erunt

358 1688 588 1761 altera
656 1690 844 1779 alba,
910 1692 1140 1765 altera
1205 1693 1442 1787 nigra,
1494 1691 1729 1765 altera
1784 1691 2011 1764 nihil:
2067 1701 2143 1763 et
2192 1703 2443 1764 tamen

357 1825 608 1874 omnes
642 1804 858 1877 simul
891 1828 1043 1877 una
1076 1805 1524 1901 superficies,

457 1915 628 1987 Non
667 1915 920 1989 dubito
955 1918 1130 2012 quin
1176 1917 1518 1990 Euclides
1572 1929 1963 2011 tangentes
1998 1917 2441 1990 circulorum

362 2050 646 2123 semper
701 2028 1072 2102 ducendas
1121 2028 1409 2126 putavit
1452 2053 1588 2125 per
1630 2028 2155 2102 diametrorum
2190 2029 2442 2101 termi-

355 2163 532 2213 nos:
571 2151 790 2236 atque
819 2143 926 2214 ita
951 2154 1310 2237 punctum
1335 2152 1718 2216 contactus
1744 2165 2030 2238 semper
2052 2165 2440 2214 commune

353 2254 529 2327 fecit
583 2255 804 2328 trium
866 2255 1249 2342 linearum,
1285 2255 1658 2340 nimirum,
1696 2278 1908 2328 arcus
1963 2254 2244 2342 circuli,
2281 2265 2439 2327 tan-

353 2369 596 2463 gentis
633 2368 1010 2457 circulum,
1048 2382 1125 2442 et
1158 2369 1368 2441 lineae
1423 2368 1805 2465 cujusdam
1853 2392 1988 2465 per
2025 2392 2243 2463 quam
2279 2378 2442 2440 tan-

353 2505 533 2577 gens
569 2481 660 2553 ab
696 2504 875 2554 arcu
910 2481 1137 2554 dividi
1171 2494 1246 2556 et
1281 2482 1448 2556 loco
1476 2481 1799 2579 separari
1825 2493 2100 2579 posset.
2181 2480 2441 2579 Neque

355 2594 703 2667 credibile
738 2606 870 2685 est,
907 2597 968 2668 si
1004 2609 1428 2670 contactum
1483 2596 1661 2693 quid
1715 2597 1811 2668 sit
1862 2595 2057 2668 clare
2110 2595 2443 2691 explicu-

355 2706 532 2779 isset
565 2707 932 2796 Euclides,
962 2709 1533 2782 controversiam
1569 2708 1765 2781 inter
1801 2708 2133 2781 Clavium
2167 2718 2244 2780 et
2280 2708 2442 2781 Pel-

355 2817 692 2890 letarium
731 2818 821 2891 de
858 2820 1128 2914 angulo
1164 2833 1552 2894 contactus
1586 2823 1811 2895 ullam
1847 2822 2202 2895 extitisse.

453 2930 803 3004 Definitio
832 2932 1115 3004 decima
1147 2961 1165 3005 ε
1205 2932 1504 3005 Similia
1533 2932 1803 3005 circuli
1828 2943 2208 3033 segmenta
2242 2943 2439 3023 aunt,

352 3071 515 3143 quce
550 3044 869 3143 angulos
901 3045 1208 3142 capiunt
1244 3044 1594 3142 (equales,
1629 3056 1759 3119 aut
1797 3045 1872 3117 in
1897 3045 2150 3142 quibus
2176 3045 2443 3144 anguli

350 3169 524 3232 sunt
579 3159 772 3231 inter
833 3183 916 3230 se
969 3157 1316 3253 aequales.
1422 3158 1500 3231 Si
1550 3158 1627 3231 in
1682 3158 1965 3231 duobus
2036 3161 2441 3254 segmentis

352 3272 794 3345 circulorum
859 3271 1067 3344 valde
1135 3271 1605 3367 inaequalium
1654 3272 2232 3345 inscriberentur
2286 3272 2436 3348 duo

351 3386 601 3482 anguli
624 3385 814 3458 inter
839 3408 916 3457 se
942 3384 1277 3481 aequalest,
1301 3383 1693 3458 credamne
1715 3408 2007 3458 omnem
2031 3386 2436 3476 hominem,

354 3499 477 3593 qui
545 3509 980 3593 agnosceret
1047 3498 1485 3593 angulorum
1554 3495 1847 3569 illorum
1912 3499 2436 3594 aequalitatem‚

351 3611 757 3684 necessario
793 3611 1017 3684 etiam
1053 3612 1474 3706 agniturum
1520 3634 1679 3683 esse
1726 3610 2049 3707 ipsorum
2097 3635 2435 3707 segmen-

354 3734 598 3795 torum
638 3722 1191 3796 similitudinem
1237 3722 1491 3795 inferri
1537 3747 1754 3819 posse
1790 3723 2318 3811 ratiocinand0‚
2354 3723 2435 3797 id

352 3848 488 3924 est,
524 3836 696 3907 inde
714 3836 831 3909 vel
866 3836 1161 3909 aliunde
1199 3836 1687 3911 demonstrari
1720 3838 1983 3934 posse?
2073 3836 2218 3909 Sed
2253 3847 2435 3909 tunc

349 3973 499 4020 non
561 3949 703 4021 erit
768 3949 1146 4024 definitio:
1198 3974 1370 4023 nam
1422 3975 1511 4025 ea
1564 3951 1784 4024 debet
1843 3972 1998 4023 esse
2049 3949 2431 4022 indemon-

352 4061 694 4134 strabiliS.

452 4174 635 4247 Cum
682 4175 1085 4270 geometria
1145 4187 1303 4250 tota
1335 4188 1668 4249 versetur
1708 4175 1906 4248 circa
1954 4174 2427 4270 quantitateS‚

350 4287 1033 4359 commensurabilia
1084 4300 1158 4360 et
1218 4287 2005 4377 incommensurabilia‚
2052 4288 2429 4385 aequalita-

349 4412 499 4474 tem
534 4412 610 4474 et
633 4399 1231 4496 inaequalitatem,
1258 4402 1658 4498 figurarum
1686 4403 2198 4500 proportiones
2223 4413 2301 4476 et
2335 4402 2425 4476 si·

2558 701 2694 741 CAP.
2715 702 2776 740 X.

2532 830 2601 907 De
2618 831 2828 888 petitione
