3094 5125
681 457 776 523 80
1112 470 1652 523 ΕΧΑΜΙΝΑΤΙΟ
1695 470 1795 522 ET
1837 469 2332 520 EMENDATIO

302 665 603 707 nutocus
680 639 758 712 id
792 649 925 727 est,
960 639 1320 713 rationem
1372 639 1939 735 multiplicatam
1985 662 2118 735 per
2160 637 2330 725 du0,
2368 635 2445 708 id
2481 646 2617 724 est,
2654 639 2770 707 ra'»

311 816 323 833 ,
427 748 491 787 ¹¹·
586 817 597 833 ,
680 751 955 825 tionem
991 752 1464 850 duplicatam,
1499 753 1749 825 vocari
1781 752 1985 826 vides
2019 766 2375 824 διπλασίονα.

778 862 871 939 Β.
925 866 1160 940 Video
1187 890 1441 939 vocem
1468 865 1669 938 illam
1693 879 2088 961 utrumque
2123 864 2539 961 significare
2575 862 2772 959 apud

679 979 1084 1068 Euclidem,
1118 994 1277 1053 tum
1316 980 1645 1075 duplum,
1682 989 1842 1052 tum
1894 977 2372 1075 duplicatum,
2417 974 2770 1072 quemad-

678 1092 981 1165 modum
1049 1093 1248 1189 apud
1316 1092 1662 1165 authores
1737 1092 2040 1166 Graecos
2110 1104 2417 1165 caeteros
2487 1113 2769 1162 omnes,

678 1205 910 1279 Video
944 1206 1166 1279 etiam
1191 1204 1551 1279 vocabula
1572 1205 1836 1278 Latina
1871 1203 2176 1301 duplum
2202 1216 2278 1276 et
2313 1202 2771 1299 duplicatum

678 1318 875 1391 idem
909 1319 1344 1414 significare,
1379 1330 1464 1390 ut
1507 1329 1584 1390 et
1618 1317 1876 1391 Graeca
1927 1327 2172 1399 διπλοῦς,
2221 1328 2529 1395 διπλάσιος,
2577 1326 2769 1385 διπλα-

679 1442 831 1513 σίων,
871 1440 1281 1510 διπλασιαθεὶς.
1400 1431 1547 1505 Sed
1603 1453 1735 1504 cur
1787 1430 2024 1504 noluit
2061 1427 2406 1501 Euclides
2442 1426 2558 1499 uti
2592 1451 2770 1500 voce

678 1556 980 1627 διπλάσιος,
1012 1567 1179 1615 cum
1212 1544 1477 1639 potuit,
1506 1556 1585 1617 et
1617 1543 1714 1616 ad
1750 1541 2178 1616 evitandum
2209 1541 2771 1636 ambiguitatem

676 1656 970 1729 videtur
1003 1656 1360 1746 debuisse,
1398 1657 1726 1730 nondum
1759 1654 2149 1752 perspicio.

780 1769 876 1843 A.
935 1770 1295 1845 Quaenam
1342 1794 1497 1844 esse
1549 1783 1796 1867 potest
1849 1768 2290 1864 ambiguitas
2343 1766 2418 1841 in
2466 1768 2769 1841 vocibus

680 1904 844 1975 quae
877 1883 1072 1957 idem
1108 1884 1524 1980 significant
1559 1884 1852 1980 ubique.
1959 1883 2149 1956 Sunt
2182 1882 2308 1978 qui
2342 1897 2575 1957 διπλοῦν
2629 1883 2772 1956 dis-

677 1999 1025 2096 tinguunt
1052 2026 1097 2075 a
1115 2010 1445 2084 διπλασὶων,
1463 2002 1607 2075 hoc
1635 2025 2042 2092 numerum,
2071 1999 2254 2073 illud
2280 2001 2771 2096 quantitatem

678 2113 1104 2189 continuam
1162 2115 1529 2209 respicere
1582 2114 1934 2187 dicentes.
2040 2111 2187 2186 Sed
2239 2111 2433 2187 inter
2484 2123 2771 2186 διπλάσιον

678 2238 756 2299 et
809 2239 1142 2299 διπλασίονα
1196 2227 1689 2302 differentiam
1738 2226 2016 2300 nullam
2069 2227 2483 2313 observant,
2530 2250 2770 2324 neque

677 2340 1142 2435 grammatici
1171 2363 1406 2436 neque
1433 2340 1933 2415 mathematici
1961 2340 2222 2413 Graeci.
2301 2340 2542 2413 Credo
2570 2340 2772 2437 equi-

676 2451 848 2524 dem
907 2464 1212 2522 διπλασίων
1246 2476 1512 2526 nomen
1565 2466 1851 2526 rectum
1884 2452 2161 2525 factum
2199 2475 2358 2526 esse
2391 2476 2436 2525 a
2471 2455 2768 2526 nomine

676 2565 941 2661 plurali
968 2566 1293 2662 genitivo
1327 2578 1650 2646 διπλασίων,
1698 2570 1907 2664 cujus
1959 2581 2202 2640 rectus
2235 2567 2625 2664 singularis
2661 2573 2768 2641 est

678 2688 1005 2758 διπλάσιος;
1064 2679 1313 2774 itaque
1367 2681 1444 2752 in
1504 2681 2007 2776 propositione
2074 2680 2334 2754 ultima
2399 2680 2768 2756 Elementi

681 2791 883 2878 noni,
924 2803 986 2861 ἐν
1015 2804 1300 2881 ἀναλογίᾳ
1329 2803 1669 2881 διπλασίονι,
1704 2792 1899 2865 Idem
1942 2817 2098 2866 eSSe
2146 2793 2343 2890 qUOd
2376 2807 2438 2865 ἐν
2474 2810 2764 2887 ἀναλογίᾳ

680 2915 1008 2992 διπλασίων,
1033 2915 1110 2975 et
1142 2903 1219 2976 in
1253 2905 1393 2978 hac
1430 2904 1858 2979 definitione
1894 2906 2201 2996 decima,
2230 2924 2406 2994 λόγον
2435 2919 2766 2980 διπλασίονα

679 3015 877 3088 idem
910 3039 1069 3090 esse
1107 3017 1305 3113 quod
1339 3033 1508 3105 λόγος
1535 3030 1871 3093 διπλασίων.
1974 3018 2180 3092 Nihil
2228 3043 2404 3116 ergo
2441 3031 2553 3093 est
2581 3019 2763 3092 diffi-

680 3129 974 3203 cultatis
1029 3130 1108 3203 in
1168 3131 1641 3227 eloquutione
1687 3133 2373 3207 mathematicorum
2404 3144 2761 3206 veterum.

677 3244 780 3317 At
806 3245 1252 3319 recentiores
1279 3245 1784 3319 difficultatem
1805 3247 2098 3320 sibimet
2119 3247 2294 3344 ipsis
2330 3256 2766 3320 creaverunt

678 3380 769 3430 ex
801 3357 1104 3432 vocibus
1162 3358 1491 3432 barbaris
1544 3358 2007 3458 subduplum,
2060 3359 2528 3457 subtriplum,
2579 3373 2758 3433 etc.:

677 3469 946 3566 quippe
1006 3471 1132 3567 qui
1191 3495 1343 3544 non
1396 3472 1886 3545 meminerant
1945 3496 2038 3545 ex
2091 3472 2588 3569 duplicatione
2646 3472 2763 3546 vel

674 3583 901 3656 etiam
937 3584 1543 3680 multiplicatione
1598 3584 1876 3681 aliquid
1918 3585 2079 3659 fieri
2123 3609 2335 3682 posse
2369 3585 2762 3681 aliquando

676 3695 942 3769 minus,
1045 3696 1239 3770 Nam
1295 3698 1745 3794 quantitates
1797 3699 2013 3788 fictae,
2076 3700 2327 3796 quales
2374 3710 2550 3772 sunt
2608 3708 2760 3789 0·1‚

677 3818 836 3899 3-5,
876 3820 953 3882 et
994 3809 1181 3899 aliae,
1231 3809 1308 3883 id
1364 3821 1496 3898 est,
1543 3813 1868 3887 minores
1929 3837 2152 3909 quam
2203 3812 2427 3897 nihil;
2481 3826 2761 3909 quanto

673 3922 838 4019 plus
890 3923 1473 4020 multiplicantur
1505 3950 1552 3999 a
1586 3950 1893 4001 numero
1931 3951 2130 4014 vern,
2181 3937 2389 4000 tanto
2439 3927 2761 4000 minores

671 4037 883 4109 fiunt

776 4148 1127 4222 Definitio
1164 4151 1476 4246 septima
1509 4164 1621 4225 est
1646 4152 2307 4250 proportionalium
2335 4184 2354 4237 ;
2390 4163 2759 4239 accurata,

675 4262 807 4335 sed
841 4275 917 4337 et
949 4262 1319 4337 facillima.
1419 4265 1552 4339 Est
1580 4265 1798 4355 enim,
1829 4266 2129 4340 definita
2153 4269 2310 4364 jam
2343 4265 2604 4338 eadem
2635 4289 2762 4337 ra-

672 4374 891 4463 tione,
916 4377 1426 4452 tantummodo
1460 4378 1868 4453 nominatio
1905 4402 2161 4453 eorum
2192 4402 2356 4475 quae
2390 4367 2756 4452 rationem
