3094 5125
785 527 894 578 nn·
931 526 1534 579 MAGNI‘rumNn
1575 523 1941 579 cmcum.
2245 508 2389 576 365

320 696 443 779 Ως
481 695 687 791 cujus
721 704 945 767 rectae
979 691 1125 766 DQ
1150 691 1592 789 quadratum
1617 690 1895 787 aequale
1923 700 2034 763 est
2067 712 2195 762 sex
2218 714 2397 786 qua-

321 807 549 882 dratis
582 831 627 879 a
660 803 1049 879 semiradio
1086 804 1260 888 AG;
1314 828 1400 878 ac
1435 804 1745 900 proinde
1773 804 2007 899 ipsam
2041 802 2173 875 DE
2220 802 2399 875 duc-

321 932 499 1007 tam,
534 917 891 1014 aequalem
925 940 1082 990 esse
1129 917 1498 1013 diagonali
1556 916 1893 1014 quadrati
1947 917 2155 1013 cujus
2207 916 2401 990 latus

322 1044 438 1106 est
472 1028 596 1107 Gk
627 1030 745 1103 vel
780 1029 917 1119 Fk,
954 1052 1265 1125 quarum
1298 1029 1575 1102 utravis
1608 1040 1858 1125 potest
1911 1028 2213 1124 triplum
2248 1030 2404 1125 ejus

326 1144 525 1241 quod
565 1154 813 1240 potest
857 1142 1025 1215 AG.
1127 1142 1373 1215 Etiam
1425 1143 1760 1239 (propter
1809 1140 2120 1215 eandem
2179 1142 2403 1216 ratio-

326 1260 527 1352 nem)
569 1256 927 1352 quadrata
980 1255 1227 1355 omnia
1279 1267 1650 1329 rectarum
1703 1256 1837 1342 SZ,
1871 1254 2019 1344 Yb,
2056 1279 2206 1329 una
2239 1279 2407 1329 cum

328 1369 943 1467 consequentibus
1010 1369 1226 1442 simul
1299 1370 1639 1442 omnibus
1717 1394 1851 1465 per
1919 1382 2197 1443 rectam
2270 1369 2407 1443 SM

329 1483 872 1570 scandentibuS,
911 1481 1127 1554 simul
1160 1494 1476 1578 sumpta,
1510 1481 1795 1555 faciunt
1821 1480 2203 1556 dimidium
2232 1506 2411 1579 qua-

333 1597 525 1670 drati
561 1621 606 1669 a
639 1609 842 1669 recta
875 1596 997 1669 DS
1028 1627 1047 1680 ;
1101 1609 1176 1668 et
1206 1594 1515 1691 proinde
1551 1595 1991 1692 quadratum
2026 1595 2225 1691 quod
2268 1596 2411 1670 illis

335 1709 671 1784 omnibus
706 1708 986 1805 aequale
1021 1721 1157 1797 est,
1192 1732 1328 1803 pro
1364 1708 1594 1781 latere
1629 1708 1853 1781 habet
1888 1707 2208 1781 mediam
2240 1731 2412 1804 pro-

335 1823 820 1921 portionalem
855 1823 1046 1895 inter
1080 1821 1203 1894 DS
1231 1833 1307 1895 et
1339 1821 1567 1917 ipsius
1602 1822 1998 1895 semissem.
2081 1820 2414 1896 Semissis

340 1948 587 2011 autem
620 1938 776 2033 ejus
811 1948 924 2010 est
957 1947 1163 2008 recta
1199 1936 1338 2008 Fu.

1065 2162 1567 2215 PROPOSITIO
1605 2164 1686 2214 V.

445 2281 677 2354 Recta
709 2281 845 2354 AO
882 2291 993 2354 est
1037 2281 1281 2354 media
1329 2281 1901 2409 proportionalis
1949 2281 2142 2355 inter
2177 2281 2310 2353 AB
2345 2292 2423 2354 et

347 2411 662 2492 quatuor
700 2394 992 2490 quintas
1038 2407 1285 2491 partes
1342 2394 1570 2490 ipsius
1623 2395 1779 2466 AB.
1885 2395 2119 2467 Recta
2175 2407 2423 2467 autem

348 2509 471 2583 DS
506 2507 749 2581 media
781 2520 892 2581 est
923 2507 1488 2604 proportionalis
1522 2508 1716 2583 inter
1737 2508 1868 2582 AB
1904 2520 1981 2582 et
2015 2508 2197 2582 duas
2216 2507 2429 2606 quin-

350 2637 464 2695 tas
492 2620 821 2717 ejusdem
855 2621 1012 2694 ΑΒ.

453 2734 786 2807 Ducatur
818 2733 971 2819 AE,
1008 2756 1261 2806 secans
1297 2734 1485 2807 Ro
1468 2757 1544 2806 in
1580 2759 1678 2806 n.
1716 2734 1793 2807 in
1830 2758 2052 2831 quam
2095 2733 2433 2807 demitta-

353 2860 477 2921 tur
502 2846 1121 2943 perpendicularis
1153 2847 1312 2918 ΒΧ.
1382 2847 1579 2921 Quia
1603 2871 1778 2943 ergo
1813 2848 2182 2944 triangula
2210 2847 2432 2937 ABE,

356 2961 563 3032 AXB
598 2959 949 3054 angulum
983 2958 1259 3031 habent
1286 2958 1381 3031 ad
1408 2960 1476 3031 A
1512 2982 2001 3049 communem,
2026 2973 2102 3033 et
2128 2961 2438 3057 angulos

356 3073 452 3146 ad
490 3074 550 3145 B
587 3085 665 3145 et
697 3071 773 3144 X
806 3085 1074 3158 recma,
1102 3070 1245 3142 erit
1277 3084 1364 3142 ut
1400 3071 1528 3142 ΑΕ
1556 3071 1650 3144 ad
1679 3073 1835 3161 AB,
1864 3073 1969 3146 ita
1994 3073 2126 3146 AB
2152 3073 2247 3146 ad
2268 3074 2438 3146 AX.

363 3188 552 3259 Sunt
610 3208 787 3279 ergo
832 3184 988 3266 AE,
1029 3183 1182 3272 AB,
1221 3183 1361 3254 AX
1425 3185 1776 3258 continue
1830 3187 2438 3282 proportionales.

359 3301 602 3374 Ducta
634 3311 883 3371 autem
920 3296 987 3368 X
981 3297 1063 3393 f
1081 3308 1377 3368 secante
1415 3297 1544 3368 AB
1581 3298 1659 3369 in
1684 3296 1767 3394 f
1786 3298 1881 3371 ad
1927 3298 2236 3394 angulos
2285 3323 2443 3372 rec-

361 3427 499 3503 tos,
569 3424 788 3486 erunt
857 3411 1080 3484 etiam
1147 3409 1412 3483 similia
1488 3411 1859 3506 triangula
1928 3413 2162 3500 AXB,
2199 3417 2265 3486 A
2257 3414 2339 3509 f
2343 3415 2443 3487 X.

367 3529 665 3601 Habent
700 3526 896 3599 enim
948 3525 1298 3620 angulum
1331 3524 1428 3597 ad
1463 3526 1531 3597 A
1568 3548 2056 3615 communem,
2095 3538 2170 3601 et
2211 3552 2446 3624 angu-

365 3642 474 3714 los
509 3640 606 3713 ad
638 3641 710 3712 X
737 3639 900 3735 ets
919 3652 1186 3711 rectos,
1289 3638 1535 3711 Ducto
1575 3637 1800 3733 igitur
1824 3641 2122 3739 arcufh
2150 3654 2445 3714 secante

368 3753 499 3826 AC
556 3753 633 3824 in
685 3752 755 3839 Ιι,
804 3764 1021 3825 erunt
1080 3764 1232 3825 tres
1265 3774 1494 3824 *arcus
1543 3751 1687 3839 BP,
1743 3754 1885 3842 eO,
1913 3754 2046 3849 fh
2100 3756 2447 3827 continue

368 3864 974 3962 proportionales.
1077 3866 1266 3938 Sunt
1315 3866 1536 3939 etiam
1586 3867 1934 3940 continue
1982 3869 2448 3964 proportion-

369 3979 519 4051 ales
558 3977 728 4064 ΒΜ,
756 3977 914 4065 ΑΒ,
943 3978 1076 4051 Ro
1112 3979 1264 4051 sive
1298 3978 1446 4052 DS.
1535 3980 1637 4053 Ut
1674 4003 1851 4076 ergo
1879 4003 2091 4052 arcus
2124 3980 2274 4068 BD,
2300 3981 2451 4053 sive

372 4107 575 4165 recta
629 4090 773 4162 ΒΜ
830 4090 924 4162 ad
969 4093 1122 4180 AE,
1181 4093 1288 4166 ita
1336 4105 1448 4166 est
1502 4094 1880 4189 reciproce
1942 4095 2275 4189 (propter
2320 4094 2450 4165 AB

373 4204 690 4278 mediam
723 4204 799 4275 in
835 4216 1145 4299 utroque
1179 4206 1663 4300 analogismo)
1707 4207 1847 4278 AX
1888 4205 1982 4278 ad
2021 4206 2176 4279 Ro.
2298 4277 2303 4282 .

475 4317 871 4390 Intervallo
907 4318 1048 4389 AX
1083 4319 1536 4414 intelligatur
1584 4319 1992 4415 descriptus
2025 4341 2238 4392 arcus
2277 4341 2456 4415 qua-

377 4432 684 4520 drantiS,
720 4454 975 4504 secans
1030 4431 1159 4504 AC
1209 4432 1528 4516 alicubi;
1584 4432 1869 4526 eritque
1945 4444 2030 4505 ut
2084 4456 2296 4506 arcus
2323 4431 2454 4504 BD

2492 717 2658 757 PROP.
2693 715 2748 755 V.

2478 784 2760 820 s--Yd
