3094 5125
810 500 1452 555 MATHEMATmAE
1492 502 1979 557 nonmnNAE.
2366 487 2466 566 57

320 666 404 740 ni
467 667 750 759 fallor,
826 682 917 744 ut
980 666 1369 768 longitudo
1435 697 1651 747 arcus
1719 674 1976 748 circuli
2051 673 2463 770 comparari
2527 694 2829 739 mamone

338 784 588 879 possit
623 808 814 856 cum
862 795 1071 858 recta
1117 785 1333 874 linea,
1388 787 1590 884 quod
1640 787 1924 861 faciunt
1973 787 2461 884 cyclometrae,
2541 847 2553 864 ,
2647 780 2713 820 ¹¹·
2816 846 2828 863 ‚

354 921 486 993 per
524 886 966 970 doctrinam
1001 897 1460 993 tangentium
1499 912 1578 973 et
1612 901 2046 974 secantium.

458 1008 555 1085 A.
614 1010 830 1086 Quid
863 1012 1023 1085 ita?

463 1124 567 1197 Β.
623 1124 904 1197 Nonne
940 1134 1183 1221 potest
1214 1138 1455 1199 sector
1490 1127 1747 1200 circuli
1781 1128 2087 1224 quilibet
2112 1127 2189 1201 in
2215 1137 2464 1223 partes

375 1237 745 1334 quotlibet
782 1237 1034 1326 dividi,
1071 1263 1236 1336 quae
1280 1251 1526 1336 partes
1573 1265 1827 1315 omnes
1880 1252 2098 1315 erunt
2154 1240 2461 1316 totidem

375 1360 703 1425 sectores
736 1350 1112 1424 minores?

476 1464 576 1537 A.
633 1464 911 1538 Potest.
1018 1464 1216 1540 Quid
1249 1465 1461 1540 tum?

478 1578 581 1650 B.
636 1577 908 1651 Nonne
942 1590 1185 1652 sector
1217 1579 1525 1675 quilibet
1561 1580 1831 1657 desinit
1863 1582 1941 1655 in
1974 1579 2384 1678 punctum?

476 1690 577 1762 A.
637 1691 775 1764 Ita.

486 1803 587 1876 Β.
643 1805 725 1877 Si
758 1827 935 1900 ergo
976 1804 1341 1901 quadrans
1387 1807 1664 1897 circuli,
1721 1808 2034 1905 exempli
2085 1831 2329 1896 causa,
2381 1808 2464 1881 in

387 1918 649 1991 millies
700 1918 900 1991 mille
953 1930 1272 1992 sectores
1318 1920 1642 1994 minores
1697 1920 1972 1994 divisus
2023 1921 2165 2006 sit;
2218 1944 2466 1995 nonne

388 2031 605 2105 iidem
643 2043 965 2106 sectores
1000 2033 1381 2130 compositi
1415 2044 1590 2108 sunt
1623 2034 2046 2129 quadrans?

480 2146 584 2219 A.
639 2145 907 2218 Etiam.

481 2259 586 2332 B.
637 2258 740 2332 Et
789 2282 959 2332 cum
1005 2282 1217 2332 arcus
1267 2260 1375 2333 illi
1425 2284 1678 2334 arcum
1725 2260 2187 2335 constituunt
2236 2258 2468 2356 quad-

389 2373 645 2460 rantiS‚
693 2395 943 2445 nonne
993 2383 1067 2447 et
1118 2384 1373 2447 centra
1421 2397 1679 2448 eorum
1725 2375 2178 2450 constituent
2236 2373 2470 2471 quad-

388 2486 622 2560 rantis
657 2497 1016 2559 centrum.

484 2599 588 2672 A.
642 2600 921 2684 Recte3
1001 2613 1079 2674 et
1163 2600 1335 2696 quia
1419 2610 1754 2674 centrum
1838 2600 2266 2698 quadrantis
2330 2626 2470 2699 pro

384 2726 669 2810 puncto
701 2712 954 2786 haberi
987 2726 1259 2810 potest,
1309 2713 1739 2787 habebimus
1786 2727 2143 2811 punctum
2176 2716 2470 2812 punctis

384 2827 651 2899 millies
697 2825 1017 2900 millibus
1053 2827 1356 2923 aequale.
1475 2826 1521 2900 J
1525 2850 1647 2899 am
1705 2826 1832 2922 qui
1887 2829 2349 2924 tangentium
2396 2839 2473 2903 et

384 2940 793 3013 secantium
841 2939 1382 3036 magnitudines
1424 2941 1817 3027 calculant,
1866 2964 2002 3038 pro
2037 2953 2318 3039 puncto
2351 2966 2472 3015 su·-

384 3064 603 3126 munt
638 3053 870 3126 totius
911 3076 1124 3126 arcus
1171 3052 1545 3126 dividendi
1599 3066 1983 3139 centrum;
2035 3069 2113 3127 et
2161 3054 2473 3152 proinde

384 3165 815 3240 latitudines
864 3166 1222 3239 linearum
1278 3170 1594 3264 majores
1633 3169 1861 3262 justo,
1908 3191 2195 3265 nempe,
2249 3193 2473 3242 unam

386 3281 662 3353 lineam
729 3280 875 3353 alia
942 3279 1280 3354 latiorem
1345 3280 1655 3365 faciunt,
1726 3292 1802 3354 et
1858 3305 1994 3378 pro
2060 3282 2474 3356 exilissimis

384 3393 799 3468 sectoribus
834 3393 1227 3467 exilissima
1260 3405 1693 3491 computant
1726 3394 2176 3491 rectangula.

486 3505 583 3580 B.
641 3505 984 3580 Secunda
1050 3505 1383 3580 definitio
1451 3519 1588 3594 est,
1650 3505 1847 3580 linea
1905 3516 2022 3580 est
2090 3506 2477 3606 longitudo

384 3647 549 3718 quae
580 3618 864 3695 nnllam
895 3617 1115 3692 habet
1149 3618 1640 3693 latitudinem.
1741 3620 2149 3695 Videturne
2182 3621 2426 3694 bona?

487 3735 587 3809 A.
641 3733 973 3806 Minime.
1100 3733 1295 3806 Nam
1354 3734 1534 3830 quid
1595 3758 1779 3832 opus
1842 3743 1956 3808 est
2011 3732 2479 3807 latitudinem

388 3873 665 3945 negare
736 3847 831 3921 de
894 3845 1379 3943 longitudine,
1462 3849 1673 3945 quasi
1757 3846 2147 3945 longitudo
2231 3847 2484 3943 aliqua

388 3974 636 4058 posset
667 3973 783 4034 est
815 3958 1014 4032 lata?
1120 3960 1474 4034 Quamvis
1521 3962 1718 4034 enim
1770 3961 1977 4033 filum
2028 3984 2258 4034 unum
2309 3959 2480 4045 alic,

390 4078 502 4149 vel
536 4075 807 4149 semita
829 4096 981 4145 una
1013 4073 1157 4146 ali'a
1188 4073 1407 4147 latior
1440 4098 1597 4147 esse
1622 4085 1893 4171 potest,
1922 4085 2168 4148 tamen
2197 4072 2478 4144 miliare

390 4213 613 4263 unum
649 4188 881 4262 latius
922 4210 1082 4261 esse
1126 4212 1278 4261 non
1328 4198 1577 4284 potest
1630 4210 1854 4284 quam
1910 4186 2113 4259 aliud
2172 4183 2476 4258 miliare.

384 4305 517 4379 Est
550 4316 812 4378 autem
846 4324 997 4373 non
1030 4301 1236 4374 filum
1269 4324 1407 4375 nec
1442 4300 1708 4375 semita
1732 4301 1873 4374 viae
1905 4295 2316 4395 longitudo,
2349 4295 2481 4370 sed

379 4420 698 4495 miliare.
832 4413 1170 4489 Euclides
1227 4439 1404 4512 ergo
1472 4416 1550 4490 in
1609 4413 2040 4489 definienda
2083 4411 2280 4486 linea
2336 4411 2481 4486 hoc
