3094 5125
681 503 1533 559 PROPORTIONAMBUS
1575 506 1669 557 IN
1711 504 2074 558 GENERE.
2281 487 2430 566 477

345 671 808 747 describatur
860 674 1302 770 quadratum
1338 676 1590 774 DFrg.
1691 676 1857 750 Erit
1900 685 2145 749 autem
2199 696 2431 769 punc·
2499 693 2830 737 Arrnumx·

345 796 509 858 tum
542 811 586 858 r
619 788 696 859 in
733 787 1103 885 diagonali
1138 789 1294 862 DB.
2513 763 2798 799 *γά

447 900 927 974 Describatur
986 901 1424 997 quadratum
1461 901 1734 1000 Dqu,
1774 912 1850 974 et
1902 901 2043 973 erit
2075 911 2436 996 punctum

333 1037 400 1112 p
436 1013 510 1086 in
547 1013 804 1087 eadem
840 1013 1210 1110 diagonali
1245 1014 1401 1087 DB.

449 1126 931 1200 Describatur
957 1128 1397 1223 quadratum
1421 1127 1637 1200 DEkl
1655 1154 1685 1210 ;
1718 1128 1926 1223 cujus
1957 1127 2179 1200 etiam
2207 1151 2437 1223 punc-

347 1253 509 1314 tum
545 1240 592 1312 Ic
628 1242 771 1314 erit
824 1241 899 1312 in
944 1241 1205 1315 eadem
1266 1241 1636 1337 diagonali
1673 1241 1833 1314 DB.
1939 1242 2156 1315 Secet
2190 1252 2438 1314 autem

346 1353 428 1427 lk
460 1354 823 1451 producta
875 1354 1067 1428 latus
1103 1353 1227 1430 BG
1264 1354 1339 1428 iu
1373 1380 1444 1443 n,
1502 1367 1578 1427 et
1634 1367 1913 1427 rectam
1963 1355 2094 1453 xp
2126 1355 2440 1451 produc·

347 1481 505 1541 tam
538 1468 615 1540 in
652 1493 699 1541 u
735 1480 810 1541 et
843 1480 1124 1543 rectam
1160 1470 1260 1542 Fr
1291 1468 1729 1566 productam
1763 1469 1842 1541 in
1876 1492 1940 1540 8.

452 1580 930 1654 Describatur
1013 1582 1327 1679 denique
1394 1581 1838 1678 quadratum
1908 1581 2168 1669 DMih,
2230 1583 2440 1677 cujus

348 1705 711 1791 punctum
747 1694 777 1766 i
810 1694 953 1767 erit
985 1694 1063 1767 in
1098 1694 1355 1767 eadem
1391 1693 1762 1790 diagonali
1797 1692 1934 1767 DB
1966 1725 1985 1777 ;
2039 1694 2249 1789 cujus
2279 1694 2439 1791 qui-

352 1808 522 1881 dem
555 1808 750 1881 latus
784 1807 865 1881 ln·
897 1808 1340 1905 productum
1396 1821 1598 1881 secet
1633 1807 1711 1880 ln
1746 1808 1822 1880 in
1858 1832 1927 1897 ο,
1963 1820 2038 1881 et
2074 1806 2210 1879 AB
2243 1807 2322 1880 in
2357 1816 2389 1879 t
2409 1832 2439 1891 ,·

351 1922 544 1995 latus
580 1933 828 1995 autem
865 1922 980 1995 Mi
1013 1921 1456 2018 productum
1492 1933 1692 1995 secet
1725 1919 1849 1996 BC
1885 1921 1961 1994 in
1995 1945 2086 1993 m.

452 2036 854 2109 Ostensum
909 2046 1154 2109 autem
1209 2048 1324 2109 est
1378 2047 1528 2108 tres
1583 2045 1822 2109 rectas
1857 2034 2040 2122 DM,
2076 2034 2245 2121 DX,
2281 2033 2442 2121 DV,

352 2149 434 2223 id
487 2159 601 2222 est
646 2149 785 2238 Mi,
839 2173 969 2246 qp,
1016 2171 1123 2247 gr
1172 2172 1328 2221 esse
1389 2150 1738 2222 continue
1805 2144 2442 2244 proportionales;

353 2263 534 2337 item
582 2263 763 2350 OM,
806 2262 966 2348 DV,
1019 2261 1098 2334 id
1153 2273 1266 2334 est
1318 2261 1497 2354 OM,
1550 2263 1681 2363 gA
1738 2284 1895 2333 esse
1954 2260 2315 2357 aequales;
2370 2267 2447 2332 et

351 2375 686 2473 proinde,
725 2376 1026 2471 dempta
1072 2375 1446 2447 communi
1492 2374 1665 2473 gM‚
1723 2374 2040 2470 aequales
2092 2397 2249 2447 esse
2291 2374 2443 2446 AM

354 2502 435 2564 et
469 2489 615 2588 og,
652 2488 729 2561 id
762 2502 897 2578 est,
953 2488 1039 2576 ti,
1075 2487 1192 2560 vel
1229 2488 1350 2574 im,
1397 2487 1513 2559 vel
1551 2488 1691 2576 FE,
1729 2499 1805 2560 et
1848 2499 2240 2585 propterea
2287 2510 2448 2558 rec-

356 2615 509 2694 tam
541 2603 689 2701 gM
719 2602 1075 2698 aequalem
1111 2625 1269 2675 esse
1304 2601 1453 2686 EC,
1489 2600 1603 2673 vel
1631 2600 1750 2688 Im,
1786 2601 1904 2673 vel
1938 2624 2041 2672 οε.

464 2716 834 2791 Quoniam
874 2716 1029 2810 jam
1066 2714 1144 2787 lk
1182 2714 1423 2788 media
1483 2726 1598 2786 est
1649 2713 2213 2809 proportionalis
2256 2712 2450 2786 inter

359 2827 437 2901 In
470 2843 547 2900 et
602 2827 695 2915 Is,
746 2839 963 2900 erunt
1017 2840 1168 2900 tres
1224 2839 1447 2900 rectae
1483 2825 1577 2913 cs,
1629 2825 1727 2914 lle,
1766 2826 1841 2898 ln
1879 2826 2225 2900 continue
2280 2850 2451 2922 pro-

360 2939 832 3038 portionales.
936 2940 1177 3012 Erunt
1227 2940 1406 3012 item
1443 2962 1575 3037 gr,
1612 2964 1740 3036 qp,
1779 2939 1913 3026 Mi,
1951 2938 2030 3012 id
2075 2949 2187 3012 est
2221 2938 2314 3028 ls,
2351 2938 2451 3028 Iu,

362 3054 437 3127 Io
473 3053 823 3128 continue
873 3052 1480 3148 proportionales,
1587 3052 1720 3123 Est
1777 3064 2024 3124 autem
2072 3053 2452 3149 utriusque

362 3166 796 3262 analogismi
833 3165 1090 3238 eadem
1124 3164 1569 3239 antecedens
1598 3165 1689 3238 ls.
1772 3166 2023 3240 Quare
2056 3166 2218 3262 (per
2242 3190 2450 3262 prop.

362 3289 484 3365 28,
520 3279 751 3353 Elem.
788 3278 942 3368 xiv)
984 3279 1174 3350 ratio
1212 3277 1288 3349 ln
1322 3277 1420 3350 ad
1455 3277 1529 3350 lo
1567 3276 1939 3373 duplicata
1972 3279 2113 3350 erit
2147 3279 2453 3352 rationis

364 3394 442 3467 lle
476 3394 573 3467 ad
608 3391 709 3465 lu.
816 3391 963 3465 Sed
999 3403 1082 3463 ut
1118 3390 1196 3463 lle
1231 3391 1326 3463 ad
1362 3390 1458 3476 lu,
1495 3391 1601 3463 ita
1627 3405 1740 3463 est
1776 3391 1889 3464 Mi
1925 3391 2019 3464 ad
2049 3391 2148 3463 lk.

465 3507 684 3580 Ratio
722 3529 898 3602 ergo
938 3504 1018 3577 ln
1050 3504 1146 3578 ad
1179 3502 1251 3576 lo
1280 3503 1656 3600 duplicata
1689 3515 1800 3578 est
1837 3504 2145 3578 rationis
2180 3502 2275 3595 Ζο,
2304 3505 2456 3578 sive

366 3619 505 3707 Mi,
540 3619 636 3692 ad
672 3618 771 3692 ek.

473 3731 621 3806 Sed
678 3732 871 3806 ratio
934 3730 1274 3827 quadrati
1322 3730 1558 3804 DhiM
1607 3729 1703 3802 ad
1749 3729 2191 3826 quadratum
2244 3728 2459 3802 DEM

368 3846 745 3942 duplicata
778 3856 889 3918 est
924 3845 1230 3918 rationis
1265 3844 1401 3930 Mi,
1438 3843 1515 3917 id
1551 3855 1661 3917 est
1697 3843 1795 3930 lo,
1823 3842 1922 3917 ad
1953 3842 2057 3916 lle.

473 3959 553 4032 Si
607 3980 785 4054 ergo
845 3959 1285 4054 quadratum
1341 3957 1576 4031 DhiM
1630 3957 2083 4053 intelligatur
2148 3953 2452 4027 ductum

366 4070 1075 4170 perpendiculariter
1129 4074 1207 4146 in
1261 4096 1474 4145 suum
1515 4072 1707 4145 latus
1747 4070 1885 4158 Mi,
1919 4069 2098 4142 item
2142 4071 2455 4165 quadra-

369 4198 532 4259 tum
568 4183 784 4257 DEkl
823 4185 1527 4280 perpendiculariter
1559 4185 1638 4256 in
1671 4195 1953 4257 rectam
1986 4180 2065 4254 In
2098 4181 2456 4277 aequalem

371 4296 587 4374 lateri
621 4297 782 4388 AD,
815 4299 998 4370 fient
1033 4297 1179 4371 duo
1213 4296 1814 4395 parallelipipeda
1868 4320 2179 4393 quorum
2225 4297 2461 4371 latera
