3094 5125
807 512 1436 565 MATHEMATICAE
1475 512 1964 564 RODIERNAE.
2284 489 2419 569 187

309 697 640 748 numero
676 676 1176 767 terminorum,
1212 701 1563 749 excessus
1618 676 1744 750 ille
1795 700 2029 774 supra
2060 675 2425 748 rationem
2489 701 2791 743 manocus

310 788 976 885 subquadruplam
1029 791 1141 862 ita
1195 791 1528 863 continuo
1581 793 1976 881 minuatur,
2011 800 2094 863 ut
2130 790 2428 863 tandem

316 902 662 997 quolibet
695 902 1145 999 assignabili
1199 904 1433 976 minor
1476 904 1778 993 evadat,
1816 905 1943 994 (ut
1984 907 2253 1000 patet)
2279 931 2306 986 ;
2359 902 2430 974 si

317 1018 399 1089 in
465 1016 832 1110 infinitum
873 1018 1359 1114 procedatur,
1402 1041 1730 1114 prorsus
1797 1018 2223 1090 evaniturue
2289 1025 2429 1089 est.

318 1129 696 1226 Adeoque
765 1131 963 1226 (quae
1022 1143 1135 1203 est
1183 1131 1591 1228 propositio
1628 1130 1760 1223 xli)
1833 1130 1904 1202 si
1949 1140 2434 1228 proponatur

317 1243 577 1315 series
638 1242 931 1336 infinita
990 1245 1489 1341 quantitatum
1549 1244 1626 1316 in
1677 1241 2076 1341 triplicata
2135 1242 2435 1315 ratione

319 1356 807 1428 arithmetice
860 1356 1562 1455 proportionalium,
1631 1357 1784 1428 sive
1848 1358 2080 1451 juxta
2163 1356 2433 1428 seriem

322 1493 806 1542 numerorum
882 1468 1286 1543 cubicorum
1373 1471 1712 1543 continue
1798 1470 2302 1559 crescentium,
2381 1495 2432 1542 a

311 1592 614 1677 puncto
645 1606 776 1655 seu
811 1592 857 1657 Ο
895 1584 1401 1656 inchoatarum
1427 1611 1455 1667 ,·
1506 1583 1653 1655 erit
1689 1582 1819 1655 ille
1863 1583 1971 1655 ad
2017 1583 2284 1655 seriem
2321 1593 2432 1655 to-

328 1695 575 1767 tidem
633 1696 973 1769 maximoe
1028 1696 1442 1795 aequalium,
1496 1706 1579 1768 ut
1622 1706 1648 1769 l
1696 1695 1806 1768 ad
1836 1708 1925 1769 4:
1980 1697 2243 1769 falsum
2291 1712 2427 1770 est.

331 1819 480 1891 Est
531 1821 726 1893 enim
762 1821 840 1894 in
876 1824 1116 1918 prima
1159 1823 1346 1895 serie
1386 1808 1533 1918 211,
1590 1847 1875 1895 summa
1922 1825 2432 1910 crescentium,

333 1940 584 2033 major
643 1962 862 2033 quam
929 1940 1476 2036 subquadrupla
1541 1940 1853 2013 totidem
1923 1941 2430 2028 maximarum,

338 2064 559 2123 tanto
617 2064 891 2148 quanta
950 2068 1058 2127 est
1120 2054 1438 2127 semissis
1490 2055 1818 2126 unitatis.
1927 2054 2014 2126 In
2070 2055 2256 2126 serie
2319 2078 2432 2126 se-

342 2163 617 2253 cunda,
642 2189 925 2239 summa
958 2169 1444 2241 crescentium
1479 2180 1774 2263 superat
1808 2167 2433 2263 subquadruplam

343 2278 831 2351 maximarum
887 2282 1121 2354 tribus
1182 2283 1610 2355 unitatibus.
1717 2283 1802 2354 In
1866 2283 2108 2370 tertia,
2174 2304 2439 2353 novem

344 2392 791 2477 unitatibus;
821 2404 960 2466 etc.
1018 2395 1414 2491 Quousque
1441 2395 1987 2491 procedendum
2016 2419 2171 2468 esse
2196 2405 2439 2491 putaS,

345 2519 436 2578 ut
471 2529 753 2578 summa
789 2509 1273 2581 crescentium
1301 2509 1397 2582 sit
1425 2508 1723 2582 tandem
1758 2509 2240 2583 maximarum
2277 2508 2444 2581 sub·

352 2621 765 2715 quadrupla
795 2618 820 2690 ἓ

459 2733 554 2804 B.
615 2733 914 2806 Quanto
976 2734 1139 2829 plus
1199 2736 1624 2831 proceditur
1673 2748 1882 2810 tanto
1933 2739 2162 2834 pejus.
2267 2737 2444 2810 Pro-

351 2847 620 2943 positio
656 2859 769 2919 est
802 2847 1006 2920 falsa.

457 2958 548 3030 A.
606 2960 889 3033 Deinde
944 2963 1439 3058 propositione
1476 2963 1678 3034 xliii:
1736 2964 1955 3053 Pari,
1998 2964 2262 3060 inquit,
2299 2987 2442 3034 me-

359 3073 581 3145 thodo
638 3076 1045 3146 invenietur
1081 3076 1279 3147 ratio
1338 3076 1571 3147 seriei
1620 3075 1921 3170 infinita>
1957 3077 2447 3171 quantitatum

359 3186 435 3256 in
470 3186 760 3258 ratione
818 3187 1423 3284 quadruplicata.
1470 3187 2045 3284 quintuplicata,
2081 3188 2446 3284 sextupli-

361 3307 559 3386 cata,
603 3308 771 3387 etc.‚
807 3299 1279 3372 arithmetice
1322 3299 2027 3397 proportionalium,
2076 3325 2123 3371 a
2166 3310 2448 3397 puncto

361 3434 493 3481 seu
555 3418 601 3483 Ο
662 3411 1197 3499 inchoatarum,
1256 3412 1365 3484 ad
1419 3411 1689 3483 seriem
1747 3411 2046 3484 totidem
2108 3414 2448 3485 maximoe

365 3524 800 3620 oequalium,·
853 3550 1111 3622 nempe
1147 3526 1220 3597 in
1255 3523 1834 3622 quadruplicata
1876 3535 1904 3597 l
1950 3525 2061 3598 ad
2092 3536 2159 3615 5,
2188 3536 2326 3599 etc.

466 3637 564 3708 B.
621 3637 908 3710 Falsum
945 3651 1101 3721 est3
1155 3662 1250 3710 ne
1285 3638 1678 3710 examines,

468 3751 562 3822 A.
623 3752 781 3823 Imo
817 3775 1014 3837 vero,
1053 3750 1228 3846 quid
1264 3752 1577 3823 afferant
1611 3752 1780 3823 novi
1817 3775 1982 3847 quae
2017 3764 2447 3847 sequuntur,

366 3863 672 3935 ulterius
732 3888 824 3935 ne
888 3888 1350 3959 quaeramu53
1405 3888 1574 3937 cum
1643 3866 1735 3937 ab
1803 3866 1917 3939 his
1988 3864 2450 3962 dependeant

366 3991 634 4048 caetera
668 3977 936 4049 omnia.

466 4091 562 4161 B.
623 4091 739 4162 Ne
827 4091 1211 4187 imaginari
1299 4091 1600 4187 quidem
1669 4116 1965 4187 possum
2035 4092 2449 4187 quicquam,

370 4204 569 4297 quod
604 4216 734 4276 aut
767 4204 1138 4277 Wallisius
1173 4215 1302 4277 aut
1336 4229 1591 4277 eorum
1620 4206 1811 4278 ullus
1874 4206 2003 4300 qui
2036 4204 2260 4276 libros
2296 4204 2453 4297 ejus

372 4316 603 4388 literis
639 4316 733 4388 ad
792 4318 1031 4412 ipsum
1069 4319 1361 4412 scriptis
1410 4319 1918 4406 laudaverunt,
1976 4327 2234 4389 contra
2291 4316 2450 4387 haec

373 4442 522 4501 tam
550 4430 931 4526 perspicue
968 4430 1469 4504 demonstrata
1502 4432 1763 4504 afferre
1800 4443 2125 4526 possunt.

2623 783 2681 822 Σ.
