3094 5125
1104 522 1211 572 Da
1250 521 1594 574 NATURA
1631 522 1907 573 AEmS.
2395 506 2545 574 283

455 689 647 762 enim
685 688 850 777 fuit,
877 688 1077 783 quod
1112 690 1173 763 si
1210 690 1315 761 ita
1349 701 1565 777 esset,
1595 701 1871 761 vestem
1911 712 2202 762 omnem
2239 691 2550 786 pilosam

453 814 792 899 oportere
830 825 987 874 esse
1023 802 1336 899 nigram.
1440 803 1536 876 Et
1573 802 1770 876 visus
1807 814 1919 875 est
1964 802 2298 898 plurimis
2346 815 2549 878 recte

453 915 936 1013 respondisse.

553 1029 652 1102 Α.
708 1027 933 1117 Quid,
969 1028 1251 1125 pilosne
1311 1029 1473 1102 illos
1526 1040 1974 1125 putaverunt
2029 1052 2187 1103 esse
2241 1053 2553 1127 corpora

453 1142 637 1215 adeo
700 1143 990 1237 exigua,
1051 1153 1134 1215 ut
1185 1142 1419 1215 videri
1474 1166 1625 1215 non
1680 1142 2032 1240 possent?
2161 1143 2550 1239 Conjicere

452 1255 626 1329 hinc
689 1255 864 1329 licet
923 1279 1146 1351 quam
1198 1267 1370 1328 sunt
1419 1256 1526 1328 illi
1577 1257 1753 1329 boni
1809 1256 2421 1330 ratiocinatores:
2476 1269 2553 1331 et

453 1393 619 1465 quae
665 1369 761 1443 sit
807 1370 900 1443 ab
948 1368 1090 1442 illis
1143 1370 1603 1466 expectanda
1657 1369 2120 1468 philosophia
2170 1371 2549 1445 naturalis

454 1483 793 1556 Fortasse
854 1482 1260 1579 nigredinis
1309 1507 1605 1557 causam
1657 1483 1858 1556 illam
1906 1507 2041 1581 pro
2078 1507 2252 1557 vera
2286 1484 2551 1558 admit-

454 1606 608 1669 tere
642 1621 795 1669 non
820 1597 1145 1685 voluere,
1169 1596 1342 1691 quia
1376 1597 1636 1670 eadem
1671 1596 1747 1668 in
1783 1597 1971 1670 libro
1999 1619 2107 1670 DE
2135 1619 2549 1688 CORPORE,

455 1735 614 1807 cap.
650 1710 876 1798 xxvii,
912 1722 1051 1783 art.
1091 1709 1377 1798 ultimo,
1415 1709 1506 1782 ab
1546 1709 1845 1782 Hobbio
1893 1709 2129 1806 primo
2180 1710 2555 1807 assignata

453 1835 586 1898 est.
692 1822 935 1896 Quam
971 1836 1220 1896 autem
1279 1823 1591 1895 duritiei
1640 1846 1936 1896 causam
1973 1823 2421 1919 assignatam
2457 1826 2550 1898 ab

452 1937 594 2010 illis
629 1936 982 2010 audiisti?

556 2050 656 2122 B.
708 2051 825 2123 Ab
851 2050 1214 2146 aliquibus
1243 2061 1439 2123 tres:
1477 2049 1814 2145 primam,
1839 2048 2160 2145 partium
2184 2050 2554 2145 magnitu-

456 2161 744 2236 dinem:
796 2164 1219 2251 secundam‚
1244 2164 1444 2258 quod
1477 2163 1801 2259 partium
1838 2162 2259 2259 superficies
2296 2175 2553 2237 mutuo

456 2300 532 2349 se
590 2287 950 2372 tangant:
1003 2277 1325 2365 tertiam,
1386 2277 1710 2372 partium
1770 2276 2193 2349 intricatam
2246 2277 2551 2372 positio-

453 2414 647 2462 nem.
754 2390 1087 2463 Quarum
1143 2390 1413 2462 sufficit
1475 2388 1572 2461 ad
1632 2413 2023 2485 corporum
2087 2389 2551 2484 quorundam

453 2501 993 2576 indurationem
1026 2501 1551 2599 unaquaelibet.

556 2616 653 2689 Α.
714 2616 914 2690 Quin
986 2615 1420 2712 corpuscula
1494 2614 1773 2711 (qualia
1841 2626 2014 2688 sunt
2082 2614 2307 2689 atomi
2370 2638 2551 2710 quas

457 2728 804 2825 supponit
838 2728 1250 2816 LucretiuS,
1275 2739 1495 2825 atque
1523 2729 1747 2802 etiam
1779 2729 2149 2822 Hobbius)
2184 2730 2341 2823 jam
2375 2741 2552 2803 ante

457 2842 665 2930 dura,
700 2841 914 2914 facile
967 2842 1251 2937 possint
1301 2842 1392 2915 ab
1441 2841 1691 2936 aliqua
1747 2842 2110 2915 dictarum
2167 2864 2554 2914 causarum

456 2955 850 3051 compingi,
886 2956 995 3028 ita
1028 2967 1113 3029 ut
1150 2966 1391 3028 totum
1437 2979 1528 3028 ex
1577 2955 1718 3028 illis
1774 2956 2051 3029 factum
2091 2956 2361 3029 durum
2395 2956 2550 3042 fiat,

457 3068 946 3143 dubitandum
967 3091 1115 3139 non
1139 3079 1271 3140 est.
1348 3066 1496 3140 Sed
1523 3067 1647 3162 qui
1675 3067 1985 3140 duritiei
2007 3092 2298 3140 causam
2325 3068 2552 3163 assig-

455 3206 633 3257 nare
657 3181 937 3269 volunt,
965 3180 1236 3254 debent
1270 3179 1374 3252 illi
1412 3203 1709 3253 causam
1736 3181 2062 3253 indicare
2091 3180 2262 3253 duri
2281 3180 2549 3280 primi.

559 3295 654 3367 B.
710 3294 825 3367 Ita
879 3293 1195 3366 videtur.
1302 3291 1627 3365 Quidam
1686 3292 1883 3366 enim
1936 3317 1976 3366 e
2029 3294 2325 3379 nostriS,
2381 3318 2551 3367 cum

455 3408 897 3504 redarguere
949 3406 1113 3479 illos
1164 3403 1441 3478 vellent
1495 3406 1624 3501 qui
1682 3405 2005 3502 partium
2058 3407 2551 3481 cohaesionem

454 3521 720 3617 glutini
789 3520 1083 3594 cuidam
1164 3518 1612 3608 tribuebant,
1682 3519 2327 3615 interrogaverunt
2397 3543 2548 3608 eOS,

462 3635 570 3726 (et
629 3646 828 3708 recte
888 3632 1185 3730 quidem
1237 3645 1322 3705 ut
1371 3631 1587 3705 nobis
1639 3632 1879 3705 visum
1947 3634 2119 3725 est),
2176 3635 2548 3729 quodnam

456 3761 651 3821 esset
682 3747 985 3843 glutinis
1020 3746 1214 3819 illius
1250 3745 1449 3819 aliud
1482 3745 1763 3841 gluten.

559 3861 655 3932 A.
709 3859 987 3932 Eodem
1034 3860 1200 3954 jure
1250 3870 1469 3931 utens
1522 3858 1721 3932 circa
1753 3857 2067 3954 primam
2102 3871 2179 3931 et
2213 3859 2549 3931 ultimam

458 3971 822 4045 dictarum
881 3995 1290 4058 causarum,
1326 3971 1664 4044 similiter
1715 3995 1963 4068 quaero
2023 3996 2184 4067 eg0,
2221 3971 2399 4067 quid
2449 3972 2547 4044 sit

456 4086 532 4157 in
566 4084 946 4181 particulis
983 4084 1184 4157 duris
1218 4085 1445 4158 totius
1481 4084 1648 4157 duri
1685 4085 1884 4180 quod
1921 4085 2142 4158 efficit
2172 4085 2542 4158 duritiem.

458 4199 653 4272 Nam
706 4211 1245 4293 argumentum,
1296 4223 1441 4294 quo
1492 4223 1624 4271 vos
1670 4198 1785 4271 usi
1839 4199 2015 4271 estis
2075 4210 2337 4271 contra
2381 4197 2544 4272 illos

457 4314 580 4408 qui
618 4325 1163 4407 supposuerunt
1197 4312 1453 4408 gluten
1490 4312 1695 4402 illud,
1734 4336 1939 4407 aeque
1988 4310 2256 4385 militat
2290 4322 2550 4386 contra
2637 4343 2648 4356 ⁴

455 4452 584 4501 vos
622 4449 841 4524 ipsos.
