3094 5125
953 510 1507 560 PnonLEMA'rA
1550 510 1931 562 Pnrsch.
2335 497 2478 562 343

404 690 480 750 et
514 700 559 749 a
591 678 993 773 majoribus
1025 679 1368 752 maribus.
1457 679 1755 752 Montes
1789 691 2036 752 autem
2069 679 2176 752 illi
2211 681 2287 751 in
2322 682 2478 777 qui-
2586 701 2721 741 CAP-
2753 702 2833 741 v1.

403 790 539 863 bus
594 803 766 864 sunt
802 790 957 863 Nili
991 791 1497 888 scaturigineS‚
1534 793 1891 866 maximos
1946 815 2105 866 esse
2165 805 2477 882 constat,
2508 831 2907 889 fflpmvimfflw,

402 916 480 977 et
513 905 647 977 sub
682 915 1080 1001 aequatore,
1128 917 1205 978 et
1237 929 1466 1001 prope
1499 929 1702 979 mare
1737 905 2097 979 Indicum.
2200 906 2475 981 Miran·
2504 895 2810 1008 ssssffffiussfflu
2827 911 2905 941 ω·

403 1017 579 1091 dum
613 1042 790 1114 ergo
824 1042 976 1092 uon
1014 1030 1148 1108 est,
1183 1018 1245 1092 si
1304 1019 1380 1091 in
1433 1018 1576 1092 illis
1620 1019 1996 1092 montibus
2035 1019 2352 1092 maxima
2386 1021 2483 1093 sit

402 1131 590 1204 nivis
659 1131 894 1226 copia.
1001 1132 1187 1207 Quae
1253 1131 1383 1203 nix
1449 1131 1856 1227 liquescens
1920 1132 2172 1205 Nilum
2234 1145 2480 1228 auget,

402 1247 611 1341 cujus
677 1268 868 1340 aqua
933 1244 1304 1318 mensibus
1359 1244 1633 1340 Aprilis
1702 1256 1780 1318 et
1848 1245 2033 1317 Maii
2103 1244 2483 1319 descendit

404 1381 652 1431 versus
684 1357 1111 1454 AE‘gyptum‚
1162 1368 1240 1430 et
1296 1357 1445 1431 illic
1508 1357 1863 1447 elevatur,
1915 1357 2230 1431 maxime
2286 1359 2482 1431 circa

402 1471 792 1544 solstitium
826 1471 1204 1545 aestivum:
1257 1471 1504 1567 itaque
1539 1481 1809 1544 terram
1842 1469 2179 1544 inundat.

502 1583 604 1657 A.
659 1584 813 1657 Cur
871 1606 1049 1680 ergo
1103 1608 1256 1658 non
1302 1583 1616 1658 inundat
1665 1585 1778 1658 bis
1834 1584 1910 1658 in
1957 1607 2176 1674 anno,
2224 1583 2303 1657 id
2346 1597 2478 1675 est,

405 1696 690 1793 quoties
726 1696 834 1770 sol
868 1708 982 1770 est
1012 1698 1090 1769 in
1127 1709 1499 1792 aequatore
1529 1696 1557 1768 :a

505 1810 602 1882 B.
656 1811 770 1883 Ab
816 1811 1226 1907 aequinoxio
1279 1810 1686 1883 autumnali
1739 1809 2210 1906 progreditur
2244 1810 2351 1885 sol
2387 1811 2482 1884 ad

403 1924 768 2019 tropicum
823 1924 1266 2013 Australem,
1308 1935 1393 1997 ut
1446 1925 1689 1996 nivem
1733 1925 1809 1996 in
1860 1923 2212 1997 lateribus
2272 1949 2481 1998 mon-

402 2036 588 2108 tium
624 2037 752 2131 qui
775 2036 1178 2132 AEgyptum
1207 2047 1541 2132 spectant
1575 2036 2012 2132 liquefacere
2047 2062 2199 2111 non
2227 2040 2476 2133 possit.

502 2147 600 2221 A.
654 2149 969 2245 Oportet
1020 2161 1267 2222 autem
1330 2162 1414 2221 ut
1474 2149 1570 2222 sit
1631 2147 2014 2222 inundatio
2083 2150 2336 2223 similis
2391 2174 2482 2224 ex

402 2270 609 2354 parte
645 2263 1004 2334 montium
1042 2262 1386 2335 Australi.

502 2370 591 2444 B.
648 2373 1059 2447 Descensus
1096 2375 1394 2469 quidem
1449 2398 1811 2470 aquarum
1867 2376 2101 2471 maj0r
2147 2376 2479 2472 profecto

402 2485 620 2559 debet
655 2510 836 2577 esse,
871 2486 1043 2584 quia
1098 2489 1333 2585 major
1372 2499 1484 2561 est
1540 2488 1956 2585 liquefactae
2006 2489 2194 2562 nivis
2246 2489 2477 2586 copia.

402 2599 797 2672 Inundatio
834 2612 1080 2673 autem
1113 2602 1315 2675 nulla
1346 2626 1501 2675 esse
1528 2613 1798 2698 potest,
1824 2603 1967 2675 nisi
2001 2603 2483 2678 inundaretur

401 2735 606 2783 mare
646 2712 1004 2798 Indicum,
1045 2713 1240 2809 quod
1277 2727 1566 2789 montes
1603 2716 1765 2790 illos
1803 2716 2034 2790 alluit.

507 2823 730 2898 Quod
774 2823 868 2896 ad
932 2832 1227 2898 causam
1282 2827 1553 2899 attinet
1607 2851 1740 2899 cur
1784 2839 1938 2900 tam
1985 2852 2151 2902 raro
2185 2828 2371 2925 pluit
2405 2828 2482 2901 in

401 2935 752 3032 AEgypto‚
789 2960 955 3010 eam
990 2961 1145 3011 esse
1171 2949 1374 3034 puto,
1410 2938 1611 3035 quod
1644 2940 1855 3013 valde
1890 2943 2139 3038 magni
2194 2952 2483 3015 montes

400 3073 630 3146 prope
662 3049 1066 3147 AEgyptum
1121 3051 1303 3124 nulli
1365 3052 1512 3123 sint
1570 3052 1649 3124 in
1712 3054 1975 3147 quibus
2034 3056 2266 3128 nubes
2323 3056 2482 3128 sisti

398 3176 732 3259 possunt.
837 3165 1137 3238 Montes
1185 3165 1382 3237 enim
1429 3164 1627 3238 unde
1664 3166 1877 3239 Nilus
1914 3167 2172 3256 oritur,
2208 3167 2485 3241 distant

401 3277 573 3350 inde
635 3278 930 3354 circiter
985 3287 1182 3352 2000
1230 3278 1426 3352 mille
1484 3302 1853 3374 passuum.
1960 3281 2108 3356 Qui
2169 3282 2484 3377 proximi

401 3403 573 3464 sunt
604 3392 698 3464 ab
734 3417 882 3464 uno
918 3392 1171 3480 latere,
1208 3402 1381 3464 sunt
1430 3405 1721 3466 montes
1757 3393 2070 3468 Nubiae:
2124 3395 2217 3468 ab
2252 3396 2483 3470 altera

402 3517 635 3599 parte,
674 3505 852 3577 Sina
886 3517 961 3577 et
994 3517 1281 3578 montes
1318 3506 1612 3580 Arabiae
1648 3507 1824 3581 satis
1861 3507 2123 3581 dissiti.

501 3614 600 3689 A.
656 3616 874 3692 Unde
909 3620 1252 3693 oriuntur
1288 3620 1543 3693 venti?

503 3729 600 3801 B.
657 3730 1053 3828 Praecipue,
1090 3746 1175 3805 ut
1209 3733 1522 3824 videtur,
1560 3759 1605 3807 a
1637 3746 1847 3808 motu
1882 3737 2211 3809 nubium.
2315 3736 2484 3809 Par-

403 3841 537 3913 tim
572 3843 794 3915 etiam
829 3868 874 3916 a
908 3868 986 3916 re
1014 3869 1447 3943 quacunque
1484 3848 1561 3919 in
1596 3872 1764 3921 aere
1800 3861 2022 3921 mota.

497 3958 595 4031 A.
651 3960 901 4034 Nubes
936 3987 982 4034 a
1014 3964 1250 4035 ventis
1284 3963 1462 4036 ferri
1495 3965 1967 4037 manifestum
2003 3977 2135 4037 est.
2190 3961 2479 4034 Videris

398 4095 573 4167 ergo
612 4074 952 4146 effectum
988 4100 1262 4171 ponere
1297 4089 1469 4149 ante
1504 4102 1822 4151 causam.
2340 4099 2345 4104 ·

497 4191 594 4263 B.
652 4192 727 4263 Si
757 4193 1025 4265 nubem
1054 4218 1349 4268 movere
1377 4195 1558 4268 nihil
1588 4206 1837 4292 posset
1862 4204 2131 4290 praeter
2154 4203 2479 4282 ventum,

398 4302 714 4397 obJectio
749 4304 875 4377 illa
907 4306 1104 4378 bona
1136 4320 1348 4380 esset.
1455 4309 1603 4381 Sed
1646 4308 1918 4381 nubem
1953 4306 2314 4400 gravitate
2349 4327 2484 4377 sua

401 4416 844 4490 descendere
880 4440 1092 4513 posse
1129 4420 1611 4494 certissimum
1648 4435 1782 4495 est.
1883 4418 2197 4493 Quando
2235 4429 2479 4489 autem
