3094 5125
728 501 1369 555 MA‘rnssMA'rroAE
1408 503 1898 556 nonmRNAE.
2258 490 2355 556 83

220 684 575 736 numeros
617 671 671 736 8
714 676 804 737 et
847 674 931 737 15
967 690 1100 761 per
1135 668 1225 751 4;
1280 667 1477 741 unde
1511 668 1705 742 fiunt
1739 667 2157 765 quotientes
2191 678 2236 742 2
2274 680 2353 742 et

219 781 327 864 3²2,
376 775 512 871 qui
577 789 782 849 sunt
835 778 913 851 in
965 778 1251 853 ratione
1293 787 1341 852 8
1376 779 1471 852 ad
1518 789 1630 853 15.
1736 781 2041 871 RursuS,
2103 780 2353 856 divido

226 897 307 961 15
344 914 485 985 per
523 892 817 964 ambos
851 916 1198 966 numeros
1232 902 1274 966 4
1317 904 1392 966 et
1428 904 1518 978 53
1575 904 1651 967 et
1700 895 1895 968 fiunt
1934 896 2353 992 quotientes

221 1002 298 1081 3²}
339 1014 417 1076 et
454 1012 532 1094 3,
574 1004 728 1098 qui
766 1016 938 1078 sunt
969 1005 1046 1078 in
1082 1006 1365 1079 ratione
1401 1015 1489 1079 12
1525 1005 1622 1079 ad
1659 1016 1770 1080 15.
1876 1007 2137 1081 Positis
2172 1032 2350 1106 ergo

220 1114 475 1187 ordine
514 1116 874 1189 numeris
909 1125 980 1207 8,
1028 1126 1140 1201 12,
1187 1126 1298 1206 15,
1335 1117 1398 1190 si
1433 1142 1478 1189 a
1508 1118 1796 1192 ratione
1833 1127 1879 1193 8
1913 1119 2010 1192 ad
2053 1128 2137 1193 15
2176 1122 2350 1194 sub-

223 1227 566 1302 trahatur
628 1230 840 1303 ratio
882 1238 967 1303 12
1005 1230 1102 1303 ad
1146 1239 1258 1320 15,
1295 1230 1371 1304 id
1419 1243 1554 1319 est,
1591 1232 1779 1306 ratio
1808 1243 1854 1306 4
1890 1232 1988 1306 ad
2025 1241 2093 1322 5,
2128 1234 2348 1308 relin-

224 1354 492 1435 quetur
527 1343 752 1416 ratio
788 1348 833 1415 8
869 1342 967 1416 ad
1010 1352 1121 1432 12,
1157 1344 1307 1416 sive
1341 1343 1530 1417 ratio
1567 1352 1612 1416 2
1649 1343 1746 1417 ad
1781 1354 1850 1417 3.

325 1454 422 1527 B.
478 1455 613 1527 An
642 1480 809 1528 non
840 1456 1030 1529 ratio
1064 1480 1111 1529 a
1141 1456 1429 1530 ratione
1476 1456 1789 1531 subduci
1838 1469 2087 1554 potest
2120 1459 2345 1535 etiam

228 1566 377 1640 sine
409 1569 533 1642 his
571 1568 1129 1644 divisionibus?

322 1682 419 1754 A.
475 1683 781 1756 Potest.
886 1682 1080 1756 Nam
1115 1682 1177 1756 si
1221 1683 1354 1756 fiat
1399 1695 1484 1756 ut
1536 1706 1992 1778 consequens
2036 1684 2344 1760 rationis

234 1793 747 1869 subducendae
800 1795 898 1869 ad
951 1795 1396 1870 antecedens
1445 1819 1684 1887 suum,
1731 1797 1837 1869 ita
1887 1820 2345 1893 consequens

234 1908 535 1982 rationis
571 1909 904 2006 integrae
936 1908 1034 1982 ad
1080 1918 1443 2005 quartam,
1480 1909 1698 1997 ratio,
1737 1932 1901 2005 quae
1953 1919 2122 2004 post
2173 1910 2344 1983 sub-

241 2017 669 2095 ductionem
734 2021 1195 2117 relinquitur,
1248 2022 1389 2095 erit
1443 2022 1636 2095 ratio
1692 2021 2194 2095 antecedentis
2248 2023 2346 2096 ad

240 2131 427 2206 illam
484 2146 870 2231 quartam.
973 2134 1200 2209 Verbi
1252 2134 1534 2232 gratia;
1590 2135 1654 2207 si
1706 2158 1751 2208 a
1801 2135 2091 2208 ratione
2156 2143 2202 2209 8
2247 2137 2346 2213 ad

253 2252 330 2317 15
366 2248 788 2324 auferenda
840 2248 938 2322 sit
998 2249 1186 2322 ratio
1237 2259 1283 2322 4
1319 2248 1416 2322 ad
1453 2257 1522 2337 5,
1570 2249 1703 2322 fiat
1754 2262 1840 2321 ut
1894 2257 1936 2321 5
1987 2248 2083 2321 ad
2129 2260 2175 2323 4
2239 2249 2345 2324 ita

254 2367 332 2431 15
366 2360 463 2433 ad
495 2373 878 2459 quartam,
933 2386 1097 2457 quae
1131 2362 1273 2435 erit
1314 2370 1426 2435 12.
1531 2362 1794 2436 Positis
1849 2385 2026 2459 ergo
2084 2362 2342 2436 ordine

249 2479 313 2560 8,
354 2483 465 2564 12,
514 2485 662 2561 15;
719 2477 781 2549 si
827 2501 872 2551 a
920 2477 1207 2551 ratione
1243 2484 1288 2549 8
1326 2475 1420 2549 ad
1464 2485 1552 2549 15
1590 2476 1964 2550 auferatur
2016 2477 2206 2551 ratio
2253 2486 2339 2551 12

251 2586 339 2659 ad
379 2598 491 2679 15,
543 2590 629 2664 id
670 2603 808 2681 est,
859 2591 1047 2664 ratio
1089 2600 1132 2663 4
1171 2590 1266 2664 ad
1305 2601 1374 2679 5,
1431 2589 1887 2686 relinquetur
1936 2591 2127 2665 ratio
2164 2600 2211 2666 8
2246 2591 2343 2666 ad

261 2707 363 2788 12,
397 2702 477 2775 id
510 2716 655 2796 est,
696 2704 885 2778 ratio
921 2714 967 2778 2
1004 2704 1100 2777 ad
1138 2713 1206 2777 3.

347 2813 443 2887 B.
494 2817 948 2892 clarissime.

346 2928 438 3000 A.
492 2929 1032 3004 Animadverte
1066 2952 1283 3026 quam
1331 2928 1430 3002 sit
1462 2929 1557 3002 ab
1586 2929 2142 3026 improprietate
2176 2953 2341 3003 ver-

257 3036 503 3116 borum
548 3067 869 3142 pronum
931 3043 1349 3117 hominibus
1394 3042 1679 3139 prolabi
1713 3044 1792 3116 in
1819 3067 2107 3116 errores
2142 3043 2340 3118 circa

261 3148 436 3246 ipsas
485 3182 638 3233 res,
745 3158 954 3232 Sicut
1011 3158 1206 3230 enim
1261 3170 1346 3231 tu
1402 3180 1537 3254 pro
1590 3158 2000 3254 composita
2049 3158 2337 3230 ratione

261 3272 621 3365 sumpsisti
718 3272 1079 3345 rationem
1157 3271 1651 3367 quantitatum
1737 3272 2337 3367 compositarum,

264 3376 353 3452 ita
404 3383 786 3460 Wallisius
837 3384 1106 3482 aliique
1164 3384 1463 3481 plurimi
1524 3384 1889 3458 rationem
1945 3383 2337 3481 duplorum

263 3510 538 3572 sumunt
569 3522 714 3596 pro
749 3498 1036 3572 ratione
1063 3497 1309 3594 dupla,
1337 3497 1628 3594 decepti
1661 3498 1754 3570 ab
1781 3498 2337 3594 improprietate

269 3604 764 3704 eloquutionis.

360 3719 448 3796 B.
499 3726 743 3799 Miror
776 3735 1026 3797 autem
1061 3723 1260 3820 quod
1294 3734 1447 3797 tam
1475 3724 1791 3797 clamose
1827 3725 2227 3800 contendat
2260 3727 2337 3802 in

272 3827 574 3914 Elencho
629 3838 1026 3927 WallisiuS,
1087 3837 1696 3934 compositionem
1756 3837 2128 3911 rationum
2185 3864 2337 3914 non

276 3943 701 4026 additionem
735 3952 868 4026 sed
902 3950 1588 4047 multiplicationem
1622 3950 2008 4025 dicendam
2043 3976 2223 4026 esse.

361 4062 450 4134 A.
499 4067 687 4140 Tam
714 4064 841 4138 diu
875 4077 1123 4137 autem
1158 4063 1409 4136 mirari
1436 4087 1585 4137 non
1613 4063 1925 4154 desineS,
1954 4089 2174 4160 quam
2209 4065 2336 4137 diu

277 4169 356 4241 ab
386 4173 700 4267 homine,
739 4179 865 4274 qui
920 4202 1009 4250 ea
1053 4176 1345 4273 scripsit
1377 4200 1540 4274 quae
1593 4177 1948 4251 hactenus
2001 4176 2334 4272 legimuS,

279 4284 643 4387 quicquam
680 4290 1101 4387 expectabis
1135 4301 1584 4364 accuratum.

361 4399 451 4476 B.
502 4406 618 4480 Ex
682 4404 822 4478 hac
875 4403 1242 4477 rationum
1294 4402 1821 4500 compositione
1870 4399 2337 4476 manifestum

2021 4532 2073 4585 o
2105 4539 2137 4584 2

2432 697 2731 741 mamona

2551 780 2616 821 11.
