<?xml version="1.0" encoding="UTF-8"?>
<!DOCTYPE html PUBLIC "-//W3C//DTD XHTML 1.0 Transitional//EN"
    "http://www.w3.org/TR/xhtml1/DTD/xhtml1-transitional.dtd">
<html xmlns="http://www.w3.org/1999/xhtml" xml:lang="en" lang="en">
 <head>
  <title>
</title>
<meta http-equiv="Content-Type" content="text/html;charset=utf-8" />
  <meta name='ocr-system' content='tesseract 3.04.00' />
  <meta name='ocr-capabilities' content='ocr_page ocr_carea ocr_par ocr_line ocrx_word'/>
</head>
<body>
  <div class='ocr_page' id='page_1' title='image "./thomhobbesmalme02molegoog_0075.png"; bbox 0 0 3094 5125; ppageno 0'>
   <div class='ocr_carea' id='block_1_1' title="bbox 890 498 2520 565">
    <p class='ocr_par' dir='ltr' id='par_1_1' title="bbox 890 498 2520 565">
     <span class='ocr_line' id='line_1_1' title="bbox 890 498 2520 565; baseline 0.001 -4"><span class='ocrx_word' id='word_1_1' title='bbox 890 509 1529 565; x_wconf 71' lang='lat' dir='ltr'><strong>MATHEMA‘ricAE</strong></span> <span class='ocrx_word' id='word_1_2' title='bbox 1572 512 2061 564; x_wconf 74' lang='lat' dir='ltr'><strong>nomnnNAE.</strong></span> <span class='ocrx_word' id='word_1_3' title='bbox 2424 498 2520 563; x_wconf 88' lang='lat'><strong>63</strong></span> 
     </span>
    </p>
   </div>
   <div class='ocr_carea' id='block_1_2' title="bbox 318 675 2901 4404">
    <p class='ocr_par' dir='ltr' id='par_1_2' title="bbox 318 675 2901 889">
     <span class='ocr_line' id='line_1_2' title="bbox 318 675 2901 775; baseline -0 -32"><span class='ocrx_word' id='word_1_4' title='bbox 318 684 749 748; x_wconf 74' lang='lat' dir='ltr'><strong>sui-antur</strong></span> <span class='ocrx_word' id='word_1_5' title='bbox 807 700 867 750; x_wconf 84' lang='lat' dir='ltr'><strong>a</strong></span> <span class='ocrx_word' id='word_1_6' title='bbox 902 675 1105 751; x_wconf 85' lang='lat' dir='ltr'><strong>linea</strong></span> <span class='ocrx_word' id='word_1_7' title='bbox 1135 690 1362 767; x_wconf 85' lang='lat' dir='ltr'><strong>recta,</strong></span> <span class='ocrx_word' id='word_1_8' title='bbox 1415 704 1580 775; x_wconf 87' lang='lat' dir='ltr'><strong>quae</strong></span> <span class='ocrx_word' id='word_1_9' title='bbox 1626 679 1920 754; x_wconf 87' lang='lat' dir='ltr'><strong>ducitur</strong></span> <span class='ocrx_word' id='word_1_10' title='bbox 1960 702 2006 751; x_wconf 84' lang='lat' dir='ltr'>a</span> <span class='ocrx_word' id='word_1_11' title='bbox 2036 688 2313 775; x_wconf 91' lang='lat' dir='ltr'><strong>puncto</strong></span> <span class='ocrx_word' id='word_1_12' title='bbox 2348 702 2526 752; x_wconf 86' lang='lat' dir='ltr'><strong>con·</strong></span> <span class='ocrx_word' id='word_1_13' title='bbox 2599 703 2901 744; x_wconf 74' lang='lat' dir='ltr'><strong>numana</strong></span> 
     </span>
     <span class='ocr_line' id='line_1_3' title="bbox 331 785 2895 889; baseline 0.002 -29"><span class='ocrx_word' id='word_1_14' title='bbox 331 796 621 861; x_wconf 74' lang='lat' dir='ltr'><strong>tactus</strong></span> <span class='ocrx_word' id='word_1_15' title='bbox 661 814 835 886; x_wconf 83' lang='lat' dir='ltr'><strong>per</strong></span> <span class='ocrx_word' id='word_1_16' title='bbox 868 792 1259 889; x_wconf 88' lang='lat' dir='ltr'><strong>utriusque</strong></span> <span class='ocrx_word' id='word_1_17' title='bbox 1294 793 1981 867; x_wconf 82' lang='lat' dir='ltr'><strong>circumferentiam.</strong></span> <span class='ocrx_word' id='word_1_18' title='bbox 2605 785 2895 889; x_wconf 35' lang='grc' dir='ltr'>ᾧ</span> 
     </span>
    </p>

    <p class='ocr_par' dir='ltr' id='par_1_3' title="bbox 374 904 2528 1093">
     <span class='ocr_line' id='line_1_4' title="bbox 469 904 2528 1004; baseline 0.001 -28"><span class='ocrx_word' id='word_1_19' title='bbox 469 904 585 976; x_wconf 91' lang='grc' dir='ltr'><strong>Β.</strong></span> <span class='ocrx_word' id='word_1_20' title='bbox 645 905 1264 1001; x_wconf 85' lang='lat' dir='ltr'><strong>Intelligendum</strong></span> <span class='ocrx_word' id='word_1_21' title='bbox 1319 918 1430 981; x_wconf 90' lang='lat' dir='ltr'><strong>est</strong></span> <span class='ocrx_word' id='word_1_22' title='bbox 1476 908 1621 982; x_wconf 91' lang='lat' dir='ltr'><strong>hoc</strong></span> <span class='ocrx_word' id='word_1_23' title='bbox 1673 907 1766 981; x_wconf 93' lang='lat' dir='ltr'><strong>de</strong></span> <span class='ocrx_word' id='word_1_24' title='bbox 1816 906 2086 1004; x_wconf 82' lang='lat' dir='ltr'><strong>angulo</strong></span> <span class='ocrx_word' id='word_1_25' title='bbox 2142 914 2528 979; x_wconf 84' lang='lat' dir='ltr'><strong>contactus</strong></span> 
     </span>
     <span class='ocr_line' id='line_1_5' title="bbox 374 1016 1044 1093; baseline 0.007 -5"><span class='ocrx_word' id='word_1_26' title='bbox 374 1016 660 1091; x_wconf 87' lang='lat' dir='ltr'><strong>circuli</strong></span> <span class='ocrx_word' id='word_1_27' title='bbox 697 1029 1044 1093; x_wconf 83' lang='lat' dir='ltr'><strong>tantum.</strong></span> 
     </span>
    </p>

    <p class='ocr_par' dir='ltr' id='par_1_4' title="bbox 397 1131 2527 1566">
     <span class='ocr_line' id='line_1_6' title="bbox 492 1131 2526 1231; baseline 0.002 -29"><span class='ocrx_word' id='word_1_28' title='bbox 492 1131 568 1202; x_wconf 85' lang='grc' dir='ltr'><em>Α</em></span> <span class='ocrx_word' id='word_1_29' title='bbox 582 1187 605 1204; x_wconf 91' lang='grc'><strong>.</strong></span> <span class='ocrx_word' id='word_1_30' title='bbox 663 1131 848 1204; x_wconf 90' lang='lat' dir='ltr'><strong>Imo</strong></span> <span class='ocrx_word' id='word_1_31' title='bbox 877 1156 1058 1206; x_wconf 84' lang='lat' dir='ltr'><strong>vero</strong></span> <span class='ocrx_word' id='word_1_32' title='bbox 1084 1133 1176 1206; x_wconf 93' lang='lat' dir='ltr'><strong>de</strong></span> <span class='ocrx_word' id='word_1_33' title='bbox 1203 1135 1490 1231; x_wconf 84' lang='lat' dir='ltr'><strong>angulis</strong></span> <span class='ocrx_word' id='word_1_34' title='bbox 1516 1144 1897 1208; x_wconf 83' lang='lat' dir='ltr'><strong>contactus</strong></span> <span class='ocrx_word' id='word_1_35' title='bbox 1923 1157 2526 1231; x_wconf 86' lang='lat' dir='ltr'><strong>quarumcunque</strong></span> 
     </span>
     <span class='ocr_line' id='line_1_7' title="bbox 397 1245 2527 1344; baseline 0.002 -28"><span class='ocrx_word' id='word_1_36' title='bbox 397 1267 853 1335; x_wconf 81' lang='lat' dir='ltr'><strong>curvarum,</strong></span> <span class='ocrx_word' id='word_1_37' title='bbox 917 1245 1136 1319; x_wconf 90' lang='lat' dir='ltr'><strong>modo</strong></span> <span class='ocrx_word' id='word_1_38' title='bbox 1198 1247 1472 1320; x_wconf 89' lang='lat' dir='ltr'><strong>similes</strong></span> <span class='ocrx_word' id='word_1_39' title='bbox 1533 1248 1725 1332; x_wconf 88' lang='lat' dir='ltr'><strong>sint;</strong></span> <span class='ocrx_word' id='word_1_40' title='bbox 1796 1246 1926 1320; x_wconf 91' lang='lat' dir='ltr'><strong>sed</strong></span> <span class='ocrx_word' id='word_1_41' title='bbox 1996 1246 2289 1344; x_wconf 86' lang='lat' dir='ltr'><strong>quando</strong></span> <span class='ocrx_word' id='word_1_42' title='bbox 2352 1259 2527 1320; x_wconf 86' lang='lat' dir='ltr'><strong>sunt</strong></span> 
     </span>
     <span class='ocr_line' id='line_1_8' title="bbox 408 1356 2526 1457; baseline 0 -27"><span class='ocrx_word' id='word_1_43' title='bbox 408 1356 848 1445; x_wconf 76' lang='lat' dir='ltr'><strong>dissimiles,</strong></span> <span class='ocrx_word' id='word_1_44' title='bbox 906 1370 1124 1432; x_wconf 89' lang='lat' dir='ltr'><strong>erunt</strong></span> <span class='ocrx_word' id='word_1_45' title='bbox 1178 1360 1430 1457; x_wconf 83' lang='lat' dir='ltr'><strong>anguli</strong></span> <span class='ocrx_word' id='word_1_46' title='bbox 1500 1372 1890 1434; x_wconf 82' lang='lat' dir='ltr'><strong>contactus</strong></span> <span class='ocrx_word' id='word_1_47' title='bbox 1945 1383 2199 1433; x_wconf 92' lang='lat' dir='ltr'><strong>eorum</strong></span> <span class='ocrx_word' id='word_1_48' title='bbox 2256 1359 2526 1433; x_wconf 91' lang='lat' dir='ltr'><strong>iterum</strong></span> 
     </span>
     <span class='ocr_line' id='line_1_9' title="bbox 417 1469 1058 1566; baseline 0.003 -24"><span class='ocrx_word' id='word_1_49' title='bbox 417 1469 703 1543; x_wconf 86' lang='lat' dir='ltr'><strong>diversi</strong></span> <span class='ocrx_word' id='word_1_50' title='bbox 738 1470 1058 1566; x_wconf 86' lang='lat' dir='ltr'><strong>generis.</strong></span> 
     </span>
    </p>

    <p class='ocr_par' dir='ltr' id='par_1_5' title="bbox 428 1580 2526 1794">
     <span class='ocr_line' id='line_1_10' title="bbox 523 1580 2526 1682; baseline 0.001 -28"><span class='ocrx_word' id='word_1_51' title='bbox 523 1580 624 1656; x_wconf 91' lang='grc' dir='ltr'><strong>Β.</strong></span> <span class='ocrx_word' id='word_1_52' title='bbox 680 1583 1037 1656; x_wconf 89' lang='lat' dir='ltr'><strong>Definitio</strong></span> <span class='ocrx_word' id='word_1_53' title='bbox 1088 1608 1287 1657; x_wconf 84' lang='lat' dir='ltr'><strong>nona</strong></span> <span class='ocrx_word' id='word_1_54' title='bbox 1343 1596 1481 1674; x_wconf 84' lang='lat' dir='ltr'><strong>est,</strong></span> <span class='ocrx_word' id='word_1_55' title='bbox 1544 1584 1984 1658; x_wconf 72' lang='lat' dir='ltr'><strong>rectilineus</strong></span> <span class='ocrx_word' id='word_1_56' title='bbox 2036 1581 2357 1682; x_wconf 70' lang='lat' dir='ltr'><strong>angulus</strong></span> <span class='ocrx_word' id='word_1_57' title='bbox 2410 1594 2526 1657; x_wconf 71' lang='lat' dir='ltr'><strong>est</strong></span> 
     </span>
     <span class='ocr_line' id='line_1_11' title="bbox 428 1697 2522 1794; baseline 0.001 -25"><span class='ocrx_word' id='word_1_58' title='bbox 428 1722 638 1793; x_wconf 78' lang='lat' dir='ltr'><strong>quem</strong></span> <span class='ocrx_word' id='word_1_59' title='bbox 672 1697 1048 1771; x_wconf 79' lang='lat' dir='ltr'><strong>continent</strong></span> <span class='ocrx_word' id='word_1_60' title='bbox 1080 1699 1239 1773; x_wconf 79' lang='lat' dir='ltr'><strong>duae</strong></span> <span class='ocrx_word' id='word_1_61' title='bbox 1271 1707 1516 1772; x_wconf 73' lang='lat' dir='ltr'><strong>rec-tce.</strong></span> <span class='ocrx_word' id='word_1_62' title='bbox 1622 1698 2034 1773; x_wconf 86' lang='lat' dir='ltr'><strong>Probamne</strong></span> <span class='ocrx_word' id='word_1_63' title='bbox 2076 1722 2234 1772; x_wconf 90' lang='lat' dir='ltr'><strong>esse</strong></span> <span class='ocrx_word' id='word_1_64' title='bbox 2266 1698 2522 1794; x_wconf 80' lang='lat' dir='ltr'><strong>putas?</strong></span> 
     </span>
    </p>

    <p class='ocr_par' dir='ltr' id='par_1_6' title="bbox 530 1808 824 1885">
     <span class='ocr_line' id='line_1_12' title="bbox 530 1808 824 1885; baseline 0.014 -4"><span class='ocrx_word' id='word_1_65' title='bbox 530 1808 629 1884; x_wconf 80' lang='lat' dir='ltr'><strong>A.</strong></span> <span class='ocrx_word' id='word_1_66' title='bbox 684 1811 824 1885; x_wconf 85' lang='lat' dir='ltr'><strong>Ita.</strong></span> 
     </span>
    </p>

    <p class='ocr_par' dir='ltr' id='par_1_7' title="bbox 436 1924 2526 2361">
     <span class='ocr_line' id='line_1_13' title="bbox 540 1924 2524 2013; baseline 0.001 -16"><span class='ocrx_word' id='word_1_67' title='bbox 540 1924 637 1997; x_wconf 90' lang='grc' dir='ltr'><strong>Β.</strong></span> <span class='ocrx_word' id='word_1_68' title='bbox 694 1925 773 1998; x_wconf 88' lang='lat' dir='ltr'><strong>Si</strong></span> <span class='ocrx_word' id='word_1_69' title='bbox 827 1925 978 1999; x_wconf 89' lang='lat' dir='ltr'><strong>duo</strong></span> <span class='ocrx_word' id='word_1_70' title='bbox 1032 1950 1246 2003; x_wconf 83' lang='lat' dir='ltr'><strong>arcus</strong></span> <span class='ocrx_word' id='word_1_71' title='bbox 1308 1926 1564 2000; x_wconf 85' lang='lat' dir='ltr'><strong>circuli</strong></span> <span class='ocrx_word' id='word_1_72' title='bbox 1625 1950 1705 2000; x_wconf 91' lang='lat' dir='ltr'><strong>se</strong></span> <span class='ocrx_word' id='word_1_73' title='bbox 1764 1937 2019 2000; x_wconf 89' lang='lat' dir='ltr'><strong>mutuo</strong></span> <span class='ocrx_word' id='word_1_74' title='bbox 2078 1937 2352 2013; x_wconf 86' lang='lat' dir='ltr'><strong>secent,</strong></span> <span class='ocrx_word' id='word_1_75' title='bbox 2410 1925 2524 1998; x_wconf 87' lang='lat' dir='ltr'><strong>vel</strong></span> 
     </span>
     <span class='ocr_line' id='line_1_14' title="bbox 436 2038 2526 2138; baseline -0 -28"><span class='ocrx_word' id='word_1_76' title='bbox 436 2062 652 2111; x_wconf 85' lang='lat' dir='ltr'><strong>arcus</strong></span> <span class='ocrx_word' id='word_1_77' title='bbox 710 2053 788 2113; x_wconf 91' lang='lat' dir='ltr'><strong>et</strong></span> <span class='ocrx_word' id='word_1_78' title='bbox 843 2050 1072 2129; x_wconf 84' lang='lat' dir='ltr'><strong>recta,</strong></span> <span class='ocrx_word' id='word_1_79' title='bbox 1128 2040 1441 2138; x_wconf 84' lang='lat' dir='ltr'><strong>angulus</strong></span> <span class='ocrx_word' id='word_1_80' title='bbox 1498 2065 1717 2138; x_wconf 90' lang='lat' dir='ltr'><strong>quem</strong></span> <span class='ocrx_word' id='word_1_81' title='bbox 1770 2040 2054 2113; x_wconf 84' lang='lat' dir='ltr'><strong>faciunt</strong></span> <span class='ocrx_word' id='word_1_82' title='bbox 2103 2038 2526 2111; x_wconf 84' lang='lat' dir='ltr'><strong>rectilineus</strong></span> 
     </span>
     <span class='ocr_line' id='line_1_15' title="bbox 437 2151 2526 2250; baseline 0 -26"><span class='ocrx_word' id='word_1_83' title='bbox 437 2174 589 2224; x_wconf 92' lang='lat' dir='ltr'><strong>non</strong></span> <span class='ocrx_word' id='word_1_84' title='bbox 638 2163 773 2243; x_wconf 91' lang='lat' dir='ltr'><strong>est,</strong></span> <span class='ocrx_word' id='word_1_85' title='bbox 825 2176 1065 2249; x_wconf 90' lang='lat' dir='ltr'><strong>neque</strong></span> <span class='ocrx_word' id='word_1_86' title='bbox 1114 2154 1425 2250; x_wconf 82' lang='lat' dir='ltr'><strong>angulus</strong></span> <span class='ocrx_word' id='word_1_87' title='bbox 1477 2164 1886 2228; x_wconf 77' lang='lat' dir='ltr'><strong>contactus,</strong></span> <span class='ocrx_word' id='word_1_88' title='bbox 1994 2151 2249 2228; x_wconf 77' lang='lat' dir='ltr'><strong>Qualis</strong></span> <span class='ocrx_word' id='word_1_89' title='bbox 2300 2151 2526 2247; x_wconf 83' lang='lat' dir='ltr'><strong>igitur</strong></span> 
     </span>
     <span class='ocr_line' id='line_1_16' title="bbox 437 2266 953 2361; baseline 0.004 -24"><span class='ocrx_word' id='word_1_90' title='bbox 437 2277 549 2339; x_wconf 84' lang='lat' dir='ltr'><strong>est</strong></span> <span class='ocrx_word' id='word_1_91' title='bbox 584 2266 897 2361; x_wconf 84' lang='lat' dir='ltr'><strong>angulus</strong></span> <span class='ocrx_word' id='word_1_92' title='bbox 928 2266 953 2339; x_wconf 72' lang='grc' dir='ltr'>Ρ</span> 
     </span>
    </p>

    <p class='ocr_par' dir='ltr' id='par_1_8' title="bbox 416 2377 2528 3019">
     <span class='ocr_line' id='line_1_17' title="bbox 537 2377 2525 2475; baseline 0 -25"><span class='ocrx_word' id='word_1_93' title='bbox 537 2378 642 2450; x_wconf 89' lang='grc' dir='ltr'><strong>Α.</strong></span> <span class='ocrx_word' id='word_1_94' title='bbox 690 2379 824 2452; x_wconf 90' lang='lat' dir='ltr'><strong>Est</strong></span> <span class='ocrx_word' id='word_1_95' title='bbox 884 2379 1197 2475; x_wconf 86' lang='lat' dir='ltr'><strong>angulus</strong></span> <span class='ocrx_word' id='word_1_96' title='bbox 1249 2378 1684 2475; x_wconf 90' lang='lat' dir='ltr'><strong>simpliciter</strong></span> <span class='ocrx_word' id='word_1_97' title='bbox 1738 2379 2002 2452; x_wconf 80' lang='lat' dir='ltr'><strong>dictus,</strong></span> <span class='ocrx_word' id='word_1_98' title='bbox 2107 2378 2281 2451; x_wconf 90' lang='lat' dir='ltr'><strong>Non</strong></span> <span class='ocrx_word' id='word_1_99' title='bbox 2327 2377 2525 2450; x_wconf 91' lang='lat' dir='ltr'><strong>enim</strong></span> 
     </span>
     <span class='ocr_line' id='line_1_18' title="bbox 416 2492 2527 2590; baseline -0 -25"><span class='ocrx_word' id='word_1_100' title='bbox 416 2508 482 2565; x_wconf 67' lang='lat' dir='ltr'><strong>‘a</strong></span> <span class='ocrx_word' id='word_1_101' title='bbox 503 2504 775 2565; x_wconf 82' lang='lat' dir='ltr'><strong>natura</strong></span> <span class='ocrx_word' id='word_1_102' title='bbox 800 2492 1162 2566; x_wconf 84' lang='lat' dir='ltr'><strong>linearum</strong></span> <span class='ocrx_word' id='word_1_103' title='bbox 1188 2492 1556 2590; x_wconf 88' lang='lat' dir='ltr'><strong>dependet</strong></span> <span class='ocrx_word' id='word_1_104' title='bbox 1590 2504 1860 2567; x_wconf 84' lang='lat' dir='ltr'><strong>natura</strong></span> <span class='ocrx_word' id='word_1_105' title='bbox 1893 2492 2164 2589; x_wconf 82' lang='lat' dir='ltr'><strong>anguli.</strong></span> <span class='ocrx_word' id='word_1_106' title='bbox 2270 2492 2527 2565; x_wconf 89' lang='lat' dir='ltr'><strong>Potest</strong></span> 
     </span>
     <span class='ocr_line' id='line_1_19' title="bbox 437 2605 2528 2704; baseline 0 -26"><span class='ocrx_word' id='word_1_107' title='bbox 437 2606 633 2679; x_wconf 91' lang='lat' dir='ltr'><strong>enim</strong></span> <span class='ocrx_word' id='word_1_108' title='bbox 688 2631 734 2679; x_wconf 84' lang='lat' dir='ltr'><strong>a</strong></span> <span class='ocrx_word' id='word_1_109' title='bbox 776 2630 1003 2679; x_wconf 81' lang='lat' dir='ltr'><strong>curva</strong></span> <span class='ocrx_word' id='word_1_110' title='bbox 1053 2606 1249 2679; x_wconf 84' lang='lat' dir='ltr'><strong>linea</strong></span> <span class='ocrx_word' id='word_1_111' title='bbox 1297 2608 1375 2679; x_wconf 93' lang='lat' dir='ltr'><strong>in</strong></span> <span class='ocrx_word' id='word_1_112' title='bbox 1429 2607 1652 2703; x_wconf 84' lang='lat' dir='ltr'><strong>plano</strong></span> <span class='ocrx_word' id='word_1_113' title='bbox 1691 2609 1987 2704; x_wconf 83' lang='lat' dir='ltr'><strong>jacente</strong></span> <span class='ocrx_word' id='word_1_114' title='bbox 2038 2606 2355 2680; x_wconf 88' lang='lat' dir='ltr'><strong>circulus</strong></span> <span class='ocrx_word' id='word_1_115' title='bbox 2402 2605 2528 2679; x_wconf 93' lang='lat' dir='ltr'><strong>de-</strong></span> 
     </span>
     <span class='ocr_line' id='line_1_20' title="bbox 438 2718 2528 2817; baseline 0 -27"><span class='ocrx_word' id='word_1_116' title='bbox 438 2718 680 2804; x_wconf 88' lang='lat' dir='ltr'><strong>scribi,</strong></span> <span class='ocrx_word' id='word_1_117' title='bbox 728 2730 803 2792; x_wconf 91' lang='lat' dir='ltr'><strong>et</strong></span> <span class='ocrx_word' id='word_1_118' title='bbox 838 2744 1050 2793; x_wconf 83' lang='lat' dir='ltr'><strong>arcus</strong></span> <span class='ocrx_word' id='word_1_119' title='bbox 1082 2719 1536 2817; x_wconf 87' lang='lat' dir='ltr'><strong>interceptus</strong></span> <span class='ocrx_word' id='word_1_120' title='bbox 1584 2721 1781 2793; x_wconf 89' lang='lat' dir='ltr'><strong>idem</strong></span> <span class='ocrx_word' id='word_1_121' title='bbox 1836 2721 1978 2794; x_wconf 89' lang='lat' dir='ltr'><strong>erit</strong></span> <span class='ocrx_word' id='word_1_122' title='bbox 2023 2744 2110 2793; x_wconf 82' lang='lat' dir='ltr'><strong>ac</strong></span> <span class='ocrx_word' id='word_1_123' title='bbox 2147 2720 2210 2793; x_wconf 87' lang='lat' dir='ltr'><strong>si</strong></span> <span class='ocrx_word' id='word_1_124' title='bbox 2245 2743 2290 2791; x_wconf 82' lang='lat' dir='ltr'><strong>a</strong></span> <span class='ocrx_word' id='word_1_125' title='bbox 2322 2730 2528 2792; x_wconf 83' lang='lat' dir='ltr'><strong>recta</strong></span> 
     </span>
     <span class='ocr_line' id='line_1_21' title="bbox 437 2829 2526 2930; baseline 0.002 -28"><span class='ocrx_word' id='word_1_126' title='bbox 437 2829 998 2923; x_wconf 84' lang='lat' dir='ltr'><strong>describeretur,</strong></span> <span class='ocrx_word' id='word_1_127' title='bbox 1060 2845 1135 2906; x_wconf 93' lang='lat' dir='ltr'><strong>et</strong></span> <span class='ocrx_word' id='word_1_128' title='bbox 1189 2832 1498 2930; x_wconf 89' lang='lat' dir='ltr'><strong>proinde</strong></span> <span class='ocrx_word' id='word_1_129' title='bbox 1559 2833 1785 2907; x_wconf 85' lang='lat' dir='ltr'><strong>etiam</strong></span> <span class='ocrx_word' id='word_1_130' title='bbox 1849 2833 2102 2930; x_wconf 84' lang='lat' dir='ltr'><strong>anguli</strong></span> <span class='ocrx_word' id='word_1_131' title='bbox 2155 2831 2526 2928; x_wconf 82' lang='lat' dir='ltr'><strong>quantitas</strong></span> 
     </span>
     <span class='ocr_line' id='line_1_22' title="bbox 435 2943 894 3019; baseline 0.002 -1"><span class='ocrx_word' id='word_1_132' title='bbox 435 2943 691 3018; x_wconf 82' lang='lat' dir='ltr'><strong>eadem</strong></span> <span class='ocrx_word' id='word_1_133' title='bbox 731 2945 894 3019; x_wconf 89' lang='lat' dir='ltr'><strong>erit.</strong></span> 
     </span>
    </p>

    <p class='ocr_par' dir='ltr' id='par_1_9' title="bbox 393 3059 2527 4404">
     <span class='ocr_line' id='line_1_23' title="bbox 534 3059 2527 3156; baseline -0.001 -24"><span class='ocrx_word' id='word_1_134' title='bbox 534 3059 888 3133; x_wconf 88' lang='lat' dir='ltr'><strong>Definitio</strong></span> <span class='ocrx_word' id='word_1_135' title='bbox 940 3059 1225 3133; x_wconf 86' lang='lat' dir='ltr'><strong>decima</strong></span> <span class='ocrx_word' id='word_1_136' title='bbox 1282 3071 1393 3132; x_wconf 90' lang='lat' dir='ltr'><strong>est</strong></span> <span class='ocrx_word' id='word_1_137' title='bbox 1434 3059 1687 3156; x_wconf 84' lang='lat' dir='ltr'><strong>anguli</strong></span> <span class='ocrx_word' id='word_1_138' title='bbox 1722 3060 1929 3148; x_wconf 89' lang='lat' dir='ltr'><strong>recti,</strong></span> <span class='ocrx_word' id='word_1_139' title='bbox 1979 3070 2055 3132; x_wconf 94' lang='lat' dir='ltr'><strong>et</strong></span> <span class='ocrx_word' id='word_1_140' title='bbox 2101 3073 2324 3133; x_wconf 86' lang='lat' dir='ltr'><strong>rectae</strong></span> <span class='ocrx_word' id='word_1_141' title='bbox 2358 3082 2527 3155; x_wconf 89' lang='lat' dir='ltr'><strong>per-</strong></span> 
     </span>
     <span class='ocr_line' id='line_1_24' title="bbox 432 3172 2526 3270; baseline -0.001 -24"><span class='ocrx_word' id='word_1_142' title='bbox 432 3172 951 3270; x_wconf 81' lang='lat' dir='ltr'><strong>pendiculariS‚</strong></span> <span class='ocrx_word' id='word_1_143' title='bbox 978 3195 1244 3269; x_wconf 90' lang='lat' dir='ltr'><strong>nempe</strong></span> <span class='ocrx_word' id='word_1_144' title='bbox 1276 3172 1481 3245; x_wconf 85' lang='lat' dir='ltr'><strong>haec:</strong></span> <span class='ocrx_word' id='word_1_145' title='bbox 1533 3197 1693 3245; x_wconf 82' lang='lat' dir='ltr'><strong>cum</strong></span> <span class='ocrx_word' id='word_1_146' title='bbox 1728 3181 1938 3245; x_wconf 80' lang='lat' dir='ltr'><strong>recta</strong></span> <span class='ocrx_word' id='word_1_147' title='bbox 1984 3194 2212 3269; x_wconf 72' lang='lat' dir='ltr'><strong>super</strong></span> <span class='ocrx_word' id='word_1_148' title='bbox 2246 3180 2526 3244; x_wconf 79' lang='lat' dir='ltr'><strong>rectam</strong></span> 
     </span>
     <span class='ocr_line' id='line_1_25' title="bbox 434 3284 2526 3386; baseline -0.001 -26"><span class='ocrx_word' id='word_1_149' title='bbox 434 3286 873 3377; x_wconf 67' lang='lat' dir='ltr'><strong>consistens,</strong></span> <span class='ocrx_word' id='word_1_150' title='bbox 920 3285 1244 3386; x_wconf 71' lang='lat' dir='ltr'><strong>angulos</strong></span> <span class='ocrx_word' id='word_1_151' title='bbox 1299 3284 1420 3382; x_wconf 82' lang='lat' dir='ltr'><strong>qui</strong></span> <span class='ocrx_word' id='word_1_152' title='bbox 1454 3295 1625 3358; x_wconf 81' lang='lat' dir='ltr'><strong>sunt</strong></span> <span class='ocrx_word' id='word_1_153' title='bbox 1672 3285 2024 3382; x_wconf 67' lang='lat' dir='ltr'><strong>deinceps</strong></span> <span class='ocrx_word' id='word_1_154' title='bbox 2058 3284 2382 3382; x_wconf 73' lang='lat' dir='ltr'><strong>(equales</strong></span> <span class='ocrx_word' id='word_1_155' title='bbox 2389 3286 2526 3380; x_wconf 81' lang='lat' dir='ltr'><strong>fe-</strong></span> 
     </span>
     <span class='ocr_line' id='line_1_26' title="bbox 433 3397 2524 3497; baseline -0.001 -25"><span class='ocrx_word' id='word_1_156' title='bbox 433 3401 629 3473; x_wconf 83' lang='lat' dir='ltr'><strong>cerit</strong></span> <span class='ocrx_word' id='word_1_157' title='bbox 649 3427 682 3483; x_wconf 89' lang='lat'><em>;</em></span> <span class='ocrx_word' id='word_1_158' title='bbox 730 3410 983 3473; x_wconf 72' lang='lat' dir='ltr'><strong>rectus</strong></span> <span class='ocrx_word' id='word_1_159' title='bbox 1039 3409 1154 3472; x_wconf 73' lang='lat' dir='ltr'><strong>est</strong></span> <span class='ocrx_word' id='word_1_160' title='bbox 1213 3407 1527 3497; x_wconf 78' lang='lat' dir='ltr'><strong>uterque</strong></span> <span class='ocrx_word' id='word_1_161' title='bbox 1585 3398 1972 3495; x_wconf 73' lang='lat' dir='ltr'><strong>(equalium</strong></span> <span class='ocrx_word' id='word_1_162' title='bbox 2033 3397 2471 3497; x_wconf 80' lang='lat' dir='ltr'><strong>angulorum</strong></span> <span class='ocrx_word' id='word_1_163' title='bbox 2492 3425 2524 3482; x_wconf 83' lang='lat'><strong>,-</strong></span> 
     </span>
     <span class='ocr_line' id='line_1_27' title="bbox 434 3508 2526 3609; baseline -0.001 -24"><span class='ocrx_word' id='word_1_164' title='bbox 434 3523 511 3585; x_wconf 85' lang='lat' dir='ltr'><strong>et</strong></span> <span class='ocrx_word' id='word_1_165' title='bbox 558 3520 777 3585; x_wconf 82' lang='lat' dir='ltr'><strong>recta</strong></span> <span class='ocrx_word' id='word_1_166' title='bbox 824 3512 1204 3600; x_wconf 59' lang='lat' dir='ltr'><strong>insi-rtem,</strong></span> <span class='ocrx_word' id='word_1_167' title='bbox 1246 3510 1919 3609; x_wconf 72' lang='lat' dir='ltr'><strong>perpendicularis</strong></span> <span class='ocrx_word' id='word_1_168' title='bbox 1972 3508 2254 3583; x_wconf 82' lang='lat' dir='ltr'><strong>dicitur</strong></span> <span class='ocrx_word' id='word_1_169' title='bbox 2310 3508 2526 3582; x_wconf 61' lang='lat' dir='ltr'><strong>lineae</strong></span> 
     </span>
     <span class='ocr_line' id='line_1_28' title="bbox 434 3623 2525 3720; baseline -0 -22"><span class='ocrx_word' id='word_1_170' title='bbox 434 3627 556 3698; x_wconf 82' lang='lat' dir='ltr'><strong>cui</strong></span> <span class='ocrx_word' id='word_1_171' title='bbox 607 3625 917 3699; x_wconf 67' lang='lat' dir='ltr'><strong>insistit.</strong></span> <span class='ocrx_word' id='word_1_172' title='bbox 1023 3625 1444 3720; x_wconf 86' lang='lat' dir='ltr'><strong>Sequuntur</strong></span> <span class='ocrx_word' id='word_1_173' title='bbox 1496 3623 1959 3697; x_wconf 90' lang='lat' dir='ltr'><strong>definitiones</strong></span> <span class='ocrx_word' id='word_1_174' title='bbox 2007 3623 2398 3697; x_wconf 83' lang='lat' dir='ltr'><strong>undecima</strong></span> <span class='ocrx_word' id='word_1_175' title='bbox 2447 3633 2525 3697; x_wconf 89' lang='lat' dir='ltr'><strong>et</strong></span> 
     </span>
     <span class='ocr_line' id='line_1_29' title="bbox 430 3736 2523 3835; baseline -0.001 -23"><span class='ocrx_word' id='word_1_176' title='bbox 430 3739 872 3814; x_wconf 87' lang='lat' dir='ltr'><strong>duodecima</strong></span> <span class='ocrx_word' id='word_1_177' title='bbox 925 3737 1364 3835; x_wconf 83' lang='lat' dir='ltr'><strong>angulorum</strong></span> <span class='ocrx_word' id='word_1_178' title='bbox 1412 3737 1657 3810; x_wconf 86' lang='lat' dir='ltr'><strong>obtusi</strong></span> <span class='ocrx_word' id='word_1_179' title='bbox 1697 3747 1774 3809; x_wconf 91' lang='lat' dir='ltr'><strong>et</strong></span> <span class='ocrx_word' id='word_1_180' title='bbox 1805 3737 2027 3826; x_wconf 86' lang='lat' dir='ltr'><strong>acuti,</strong></span> <span class='ocrx_word' id='word_1_181' title='bbox 2074 3736 2523 3810; x_wconf 86' lang='lat' dir='ltr'><strong>brevissimae</strong></span> 
     </span>
     <span class='ocr_line' id='line_1_30' title="bbox 431 3849 2523 3947; baseline -0.002 -20"><span class='ocrx_word' id='word_1_182' title='bbox 431 3854 644 3927; x_wconf 85' lang='lat' dir='ltr'><strong>simul</strong></span> <span class='ocrx_word' id='word_1_183' title='bbox 697 3865 773 3927; x_wconf 90' lang='lat' dir='ltr'><strong>et</strong></span> <span class='ocrx_word' id='word_1_184' title='bbox 823 3852 1295 3936; x_wconf 88' lang='lat' dir='ltr'><strong>rectissimae;</strong></span> <span class='ocrx_word' id='word_1_185' title='bbox 1345 3850 1715 3942; x_wconf 88' lang='lat' dir='ltr'><strong>nimirum,</strong></span> <span class='ocrx_word' id='word_1_186' title='bbox 1771 3859 1977 3923; x_wconf 81' lang='lat' dir='ltr'><strong>recto</strong></span> <span class='ocrx_word' id='word_1_187' title='bbox 2013 3849 2201 3922; x_wconf 79' lang='lat' dir='ltr'><strong>hunc</strong></span> <span class='ocrx_word' id='word_1_188' title='bbox 2234 3849 2523 3947; x_wconf 83' lang='lat' dir='ltr'><strong>quidem</strong></span> 
     </span>
     <span class='ocr_line' id='line_1_31' title="bbox 418 3961 2522 4060; baseline -0.004 -18"><span class='ocrx_word' id='word_1_189' title='bbox 418 3971 802 4058; x_wconf 59' lang='grc' dir='ltr'><strong>πίπτω,</strong></span> <span class='ocrx_word' id='word_1_190' title='bbox 829 3966 1035 4041; x_wconf 77' lang='lat' dir='ltr'><strong>illu-m</strong></span> <span class='ocrx_word' id='word_1_191' title='bbox 1062 3975 1305 4040; x_wconf 79' lang='lat' dir='ltr'><strong>autem</strong></span> <span class='ocrx_word' id='word_1_192' title='bbox 1330 3966 1682 4060; x_wconf 81' lang='lat' dir='ltr'><strong>majorem</strong></span> <span class='ocrx_word' id='word_1_193' title='bbox 1710 3989 1896 4038; x_wconf 72' lang='lat' dir='ltr'><strong>esse.</strong></span> <span class='ocrx_word' id='word_1_194' title='bbox 1960 3964 2234 4036; x_wconf 90' lang='lat' dir='ltr'><strong>Verum</strong></span> <span class='ocrx_word' id='word_1_195' title='bbox 2265 3961 2522 4034; x_wconf 88' lang='lat' dir='ltr'><strong>divisio</strong></span> 
     </span>
     <span class='ocr_line' id='line_1_32' title="bbox 429 4072 2522 4173; baseline -0.006 -16"><span class='ocrx_word' id='word_1_196' title='bbox 429 4083 583 4159; x_wconf 87' lang='lat' dir='ltr'><strong>haec</strong></span> <span class='ocrx_word' id='word_1_197' title='bbox 617 4085 697 4158; x_wconf 93' lang='lat' dir='ltr'><strong>in</strong></span> <span class='ocrx_word' id='word_1_198' title='bbox 734 4081 1095 4169; x_wconf 74' lang='lat' dir='ltr'><strong>obtusum,</strong></span> <span class='ocrx_word' id='word_1_199' title='bbox 1133 4088 1432 4171; x_wconf 82' lang='lat' dir='ltr'><strong>rectum,</strong></span> <span class='ocrx_word' id='word_1_200' title='bbox 1471 4090 1545 4152; x_wconf 93' lang='lat' dir='ltr'><strong>et</strong></span> <span class='ocrx_word' id='word_1_201' title='bbox 1582 4087 1900 4167; x_wconf 81' lang='lat' dir='ltr'><strong>acutum,</strong></span> <span class='ocrx_word' id='word_1_202' title='bbox 1936 4076 2208 4173; x_wconf 84' lang='lat' dir='ltr'><strong>angulo</strong></span> <span class='ocrx_word' id='word_1_203' title='bbox 2244 4072 2522 4168; x_wconf 90' lang='lat' dir='ltr'><strong>simpli-</strong></span> 
     </span>
     <span class='ocr_line' id='line_1_33' title="bbox 422 4185 2520 4275; baseline -0.008 -2"><span class='ocrx_word' id='word_1_204' title='bbox 422 4199 605 4275; x_wconf 86' lang='lat' dir='ltr'><strong>citer</strong></span> <span class='ocrx_word' id='word_1_205' title='bbox 651 4197 867 4271; x_wconf 90' lang='lat' dir='ltr'><strong>dicto</strong></span> <span class='ocrx_word' id='word_1_206' title='bbox 915 4193 1045 4266; x_wconf 91' lang='lat' dir='ltr'><strong>soli</strong></span> <span class='ocrx_word' id='word_1_207' title='bbox 1083 4192 1450 4266; x_wconf 85' lang='lat' dir='ltr'><strong>convenit.</strong></span> <span class='ocrx_word' id='word_1_208' title='bbox 1555 4191 1903 4264; x_wconf 90' lang='lat' dir='ltr'><strong>Definitio</strong></span> <span class='ocrx_word' id='word_1_209' title='bbox 1939 4189 2225 4263; x_wconf 85' lang='lat' dir='ltr'><strong>decima</strong></span> <span class='ocrx_word' id='word_1_210' title='bbox 2257 4185 2520 4270; x_wconf 81' lang='lat' dir='ltr'><strong>tertia3</strong></span> 
     </span>
     <span class='ocr_line' id='line_1_34' title="bbox 393 4304 2151 4404; baseline -0.012 -10"><span class='ocrx_word' id='word_1_211' title='bbox 393 4315 786 4394; x_wconf 68' lang='lat' dir='ltr'><strong>terminus</strong></span> <span class='ocrx_word' id='word_1_212' title='bbox 828 4316 967 4395; x_wconf 72' lang='lat' dir='ltr'><strong>est,</strong></span> <span class='ocrx_word' id='word_1_213' title='bbox 1000 4306 1206 4404; x_wconf 82' lang='lat' dir='ltr'><strong>quod</strong></span> <span class='ocrx_word' id='word_1_214' title='bbox 1233 4304 1553 4400; x_wconf 69' lang='lat' dir='ltr'><strong>alicujus</strong></span> <span class='ocrx_word' id='word_1_215' title='bbox 1587 4313 1986 4377; x_wconf 72' lang='lat' dir='ltr'><strong>extremum</strong></span> <span class='ocrx_word' id='word_1_216' title='bbox 2017 4311 2151 4374; x_wconf 73' lang='lat' dir='ltr'><strong>est.</strong></span> 
     </span>
    </p>
   </div>
   <div class='ocr_carea' id='block_1_3' title="bbox 496 4417 2524 4514">
    <p class='ocr_par' dir='ltr' id='par_1_10' title="bbox 496 4417 2524 4514">
     <span class='ocr_line' id='line_1_35' title="bbox 496 4417 2524 4514; baseline -0.009 -10"><span class='ocrx_word' id='word_1_217' title='bbox 496 4429 599 4507; x_wconf 90' lang='lat' dir='ltr'><strong>B.</strong></span> <span class='ocrx_word' id='word_1_218' title='bbox 658 4425 951 4514; x_wconf 88' lang='lat' dir='ltr'><strong>Neque</strong></span> <span class='ocrx_word' id='word_1_219' title='bbox 1002 4419 1329 4494; x_wconf 90' lang='lat' dir='ltr'><strong>definitio</strong></span> <span class='ocrx_word' id='word_1_220' title='bbox 1387 4430 1502 4492; x_wconf 89' lang='lat' dir='ltr'><strong>est</strong></span> <span class='ocrx_word' id='word_1_221' title='bbox 1554 4419 1736 4507; x_wconf 87' lang='lat' dir='ltr'><strong>haec,</strong></span> <span class='ocrx_word' id='word_1_222' title='bbox 1788 4417 1960 4512; x_wconf 88' lang='lat' dir='ltr'><strong>quia</strong></span> <span class='ocrx_word' id='word_1_223' title='bbox 2012 4437 2170 4487; x_wconf 84' lang='lat' dir='ltr'><strong>vox.</strong></span> <span class='ocrx_word' id='word_1_224' title='bbox 2198 4434 2350 4486; x_wconf 81' lang='lat' dir='ltr'><strong>una</strong></span> <span class='ocrx_word' id='word_1_225' title='bbox 2389 4436 2524 4508; x_wconf 92' lang='lat' dir='ltr'><strong>per</strong></span> 
     </span>
    </p>
   </div>
  </div>
 </body>
</html>
