3094 5125
936 508 1500 562 PnontnMA'rA
1537 509 1923 563 ansmA.
2328 498 2473 565 323

482 678 583 753 A.
636 679 856 753 Unde
891 689 1140 753 autem
1172 679 1260 751 fit
1299 689 1388 751 ut
1437 677 1785 751 animalia
1831 690 1987 752 tam
2031 680 2205 770 cito,
2256 682 2473 754 nimi-

378 814 565 882 rum,
600 794 678 866 in
712 794 949 890 spatio
994 801 1311 890 quatuor
1360 792 1814 866 minutorum
1858 792 2088 883 horae,
2144 794 2224 866 in
2284 794 2473 870 reci-

378 906 629 1001 piente
662 906 1253 981 interficiantur?

479 1019 578 1093 B.
631 1019 900 1094 Nonne
939 1019 1285 1093 animalia
1329 1018 1435 1092 sic
1469 1018 1754 1092 inclusa
1804 1019 2156 1117 insugunt
2193 1021 2271 1094 in
2304 1023 2471 1119 pul-

375 1154 631 1206 mones
665 1158 910 1207 aerem
941 1131 1579 1207 vehementissime
1611 1132 1947 1207 motum?
2053 1134 2223 1208 Quo
2259 1150 2469 1211 motu

373 1269 672 1319 necesse
737 1258 850 1321 est
909 1258 995 1321 ut
1075 1246 1429 1320 transitus
1511 1246 1913 1342 sanguinis,
1989 1248 2081 1320 ab
2161 1272 2312 1322 uno
2371 1249 2470 1323 ad

373 1358 687 1432 alterum
723 1360 966 1435 cordis
1000 1360 1490 1434 ventriculum
1524 1359 2003 1457 interceptus,
2043 1385 2196 1436 non
2230 1363 2466 1438 multo

373 1485 541 1567 post
576 1474 902 1548 sistatur.
1008 1472 1340 1547 Cessatio
1378 1484 1629 1546 autem
1672 1475 2051 1571 sanguinis
2095 1498 2292 1550 mors
2330 1489 2465 1552 est.

374 1585 690 1660 Possunt
746 1599 997 1660 tamen
1050 1585 1417 1676 animalia,
1465 1600 1799 1661 cessante
1849 1587 2228 1684 sanguine,
2275 1592 2464 1663 revi-

370 1698 672 1791 viscere,
709 1701 772 1774 si
807 1725 934 1775 aer
969 1711 1317 1774 externus
1361 1699 1537 1773 satis
1574 1712 1862 1775 mature
1894 1701 2462 1795 intromittatur,

370 1814 489 1886 vel
522 1813 681 1909 ipsa
713 1816 791 1887 in
828 1838 1071 1888 aerem
1107 1825 1625 1910 temperatum,
1662 1825 2061 1909 antequam
2095 1815 2462 1889 refrixerit

372 1926 693 2023 sanguis,
731 1927 1236 2000 extrahantur.
1341 1927 1550 2000 Idem
1585 1949 1714 1999 aer
1745 1925 1824 1998 in
1858 1927 2264 2025 recipiente
2299 1953 2460 2002 car-

369 2038 602 2112 bones
633 2039 976 2113 ardentes
1009 2038 1380 2135 extinguit
1410 2066 1427 2110 :
1481 2038 1614 2112 sed
1655 2051 1729 2113 et
1774 2039 1902 2129 illi,
1948 2041 2011 2113 si
2065 2040 2241 2114 dum
2285 2042 2462 2116 satis

369 2152 588 2225 calidi
650 2165 823 2226 sunt
884 2153 1324 2235 eximantur,
1384 2152 1838 2225 relucebunt.
1972 2152 2460 2227 Notissimum

367 2276 503 2356 est,
557 2267 756 2362 quod
815 2266 895 2338 in
954 2265 1227 2339 fodinis
1284 2265 1687 2338 carbonum
1741 2276 2153 2339 terreorum
2218 2268 2460 2363 (cujus

367 2380 475 2453 rei
525 2380 1113 2476 experimentum
1163 2378 1318 2474 ipse
1357 2377 1543 2472 vidi)
1601 2378 1999 2475 saepissime
2033 2402 2074 2453 e
2107 2380 2461 2454 lateribus

364 2492 597 2567 foveae
635 2503 896 2567 ventus
931 2491 1231 2589 quidam
1263 2490 1753 2590 undequaque
1788 2491 1941 2566 exit
1973 2493 2099 2590 qui
2138 2493 2458 2568 fossores

367 2605 720 2680 interficit
777 2608 1167 2704 ignemque
1227 2606 1621 2702 extinguit,
1670 2605 1862 2681 sicut
1918 2606 2211 2680 illorum
2270 2608 2459 2681 reci-

366 2721 620 2815 piens:
660 2719 788 2814 qui
819 2733 1069 2792 tamen
1093 2719 1568 2810 reviviscunt,
1591 2721 1654 2793 si
1687 2720 1864 2794 satis
1898 2720 2048 2793 cito
2083 2720 2179 2794 ad
2212 2744 2459 2796 aerem

370 2832 684 2905 liberum
722 2833 1227 2906 extrahantur.

471 2945 570 3019 A.
626 2945 705 3018 Si
737 2945 1061 3041 phialam
1117 2969 1327 3042 aquae
1372 2946 1451 3018 in
1496 2944 1857 3041 recipiens
1908 2945 2293 3037 dimiseriS,
2329 2971 2458 3021 ex-

365 3071 542 3133 ucto
578 3083 747 3133 aere
779 3059 1045 3133 bullire
1066 3059 1352 3133 videbis
1386 3084 1677 3158 aquam.
1782 3058 1986 3134 Quid
2020 3059 2115 3133 ad
2159 3059 2305 3133 hoe
2341 3084 2458 3134 re-

366 3173 761 3271 spondebis
786 3174 812 3247 Ρ

468 3288 566 3361 B.
625 3286 866 3361 Credo
925 3286 1259 3382 profecto
1314 3285 1390 3360 in
1460 3296 1673 3359 tanta
1743 3285 1933 3358 aeris
1989 3286 2455 3361 motitatione

366 3400 798 3474 saltaturam
858 3423 1015 3472 esse
1069 3423 1384 3495 aquam:
1439 3399 1573 3472 sed
1627 3409 1710 3471 ut
1765 3399 2076 3488 calefiat,
2121 3400 2455 3474 nondum

364 3512 630 3586 audivi.
740 3513 888 3587 Sed
920 3512 1392 3608 imaginabile
1425 3536 1577 3584 non
1613 3523 1726 3584 est
1760 3511 2226 3586 saltationem
2253 3514 2456 3587 illam

366 3647 412 3696 a
454 3649 685 3699 vacuo
732 3626 938 3699 nasci
988 3649 1224 3722 posse.
1329 3625 1562 3722 Spero
1614 3627 1772 3718 jam
1819 3637 2103 3699 certum
2144 3639 2219 3700 te
2275 3651 2456 3718 esse,

363 3737 646 3810 nullum
682 3762 839 3813 esse
889 3739 1252 3813 machinae
1301 3738 1495 3812 illius
1540 3738 2098 3835 phaenomenon‚
2138 3764 2283 3836 quo
2332 3740 2456 3814 de-

363 3852 760 3925 monstrari
794 3864 1041 3948 potest
1067 3853 1299 3926 ullum
1336 3853 1411 3925 in
1438 3853 1779 3925 universo
1814 3851 2059 3926 locum
2094 3852 2252 3926 dari
2288 3877 2452 3927 cor-

363 3987 543 4059 pore
579 3965 782 4037 omni
819 3989 1152 4038 vacuum.

467 4076 566 4150 A.
621 4077 984 4150 Mundum
1021 4080 1161 4152 scis
1194 4077 1485 4151 finitum
1524 4101 1707 4166 esse,
1738 4091 1814 4151 et
1837 4101 1972 4173 per
1997 4100 2452 4172 consequens

361 4213 678 4263 vacuum
742 4213 900 4262 esse
956 4206 1297 4287 oportere
1345 4203 1587 4265 totum
1633 4189 1813 4264 illud
1874 4189 2192 4287 spatium
2252 4192 2450 4287 quod

364 4313 476 4376 est
525 4318 737 4377 extra
784 4304 1164 4394 mundum,
1202 4305 1594 4379 infinitum.
1703 4303 1903 4378 Quid
1951 4303 2260 4401 impedit
2302 4328 2449 4400 quo

362 4417 608 4489 minus
641 4438 957 4490 vacuum
1016 4417 1200 4490 illud
1261 4409 1429 4490 curn
1481 4441 1651 4492 aere
1705 4416 2082 4491 mundano
2143 4417 2450 4515 permis-

366 4529 667 4604 ceatur?
1426 4539 1432 4545 ’
2103 4555 2158 4610 Y
2184 4556 2215 4599 2

2566 709 2702 749 CAP.
2726 709 2815 751 111.

2554 776 2842 811 *qd

2576 836 2647 880 De
2665 850 2819 882 vacuo.
