3094 5125
720 467 812 532 54
1140 481 1681 535 nxAmNA'rlo
1723 483 1826 535 m-
1861 484 2356 537 EMENnArlo

349 672 643 715 unrocus
721 671 879 721 esse
915 648 1475 723 convertibilia?
1552 650 1938 741 Praeterea,
1975 652 2296 748 quinque
2333 675 2379 724 a
2413 661 2578 718 πέντε
2620 647 2798 722 ridi-

352 754 638 859 ss
721 762 882 836 cule
945 762 1267 853 deducit,
1325 774 1546 860 atque
1615 765 1839 839 etiam
1895 765 2383 863 impudenter,
2442 762 2796 837 mutando

717 889 821 945 πέν
855 877 931 950 in
966 876 1167 973 quin,
1204 888 1282 950 et
1313 910 1369 946 τε
1409 879 1487 951 in
1520 903 1683 976 que.

817 989 918 1061 B.
972 989 1237 1063 Fateor
1273 989 1778 1065 duriusculum
1813 1015 1973 1066 esse
2008 992 2174 1067 hoc.

817 1103 916 1176 A.
969 1104 1129 1176 Nec
1170 1105 1409 1177 minus
1442 1114 1724 1179 centum
1757 1107 1848 1179 ab
1884 1115 2119 1191 ἔκατον;
2174 1117 2250 1179 et
2282 1104 2487 1179 mille
2528 1128 2574 1176 a
2605 1115 2795 1195 μύρια,

718 1218 835 1290 vel
866 1216 1114 1313 potius
1147 1241 1193 1290 a
1223 1228 1387 1305 μύρια
1420 1229 1496 1293 et
1528 1234 1698 1307 χίλια
1727 1250 1746 1305 ;
1800 1230 1874 1292 et
1908 1228 2229 1318 quatuor
2264 1243 2310 1292 a
2342 1230 2626 1305 τέσσαρες.

816 1330 916 1403 B.
969 1331 1280 1404 Memini
1321 1355 1488 1406 eum
1533 1356 1580 1405 a
1610 1344 1867 1421 τέσσαρες
1915 1332 2358 1431 processisse
2408 1329 2504 1402 ad
2553 1342 2799 1417 τέτταρες

719 1443 1074 1531 Atticum,
1089 1443 1260 1516 inde
1281 1443 1377 1516 ad
1396 1444 1767 1541 poeticum
1791 1456 2036 1535 πίσυρες,
2059 1445 2231 1519 inde
2253 1445 2349 1518 ad
2375 1462 2612 1533 πιτορες,
2633 1464 2798 1539 pos-

718 1567 954 1630 tremo
982 1555 1077 1628 ad
1112 1556 1574 1630 Cambricum
1596 1558 1919 1655 pedwar
1948 1569 2022 1632 et
2048 1559 2513 1632 Armoricum
2537 1580 2795 1652 pevar.

719 1669 823 1741 At
856 1693 902 1741 a
932 1686 1131 1758 πίτυρα
1167 1668 1283 1741 vel
1315 1681 1541 1757 πέττυρα
1569 1670 1684 1742 vel
1708 1682 1907 1759 πέτορα
1925 1670 2160 1744 facilis
2185 1684 2300 1744 est
2325 1668 2681 1744 transitus
2706 1666 2798 1740 ad

720 1790 1064 1881 quatuor,
1098 1792 1401 1878 propter
1434 1783 1869 1857 affinitatem
1913 1783 2293 1857 literarum
2331 1808 2396 1882 p
2441 1794 2521 1855 et
2572 1807 2677 1879 qu
2722 1781 2796 1852 in

721 1895 1092 1993 quispiam
1126 1907 1204 1968 et
1235 1896 1654 1993 quisquam,
1689 1897 2032 1993 nuspiam
2066 1908 2143 1969 et
2175 1919 2552 1994 nusquam.

820 2009 917 2082 A.
973 2009 1266 2083 Credin'
1303 2010 1406 2082 ita
1444 2033 1599 2083 esse
1631 2008 1656 2081 ἒ

821 2124 921 2197 B.
977 2123 1146 2196 Scio
1182 2122 1587 2195 Massiliam
1628 2121 1851 2196 fuisse
1903 2121 2386 2196 Phocensium
2437 2120 2799 2193 coloniam

721 2235 1100 2309 AEolorum
1131 2267 1149 2320 ;
1226 2235 1474 2331 itaque
1525 2258 1795 2308 nomen
1845 2245 2072 2324 πέτορα,
2141 2234 2204 2307 si
2257 2233 2626 2307 AEolicum
2686 2233 2800 2320 sit,

723 2349 1049 2445 potuisse
1083 2371 1128 2419 a
1161 2347 1744 2422 Massiliensibus
1777 2348 2027 2421 venire
2062 2346 2158 2420 ad
2190 2346 2463 2420 Gallos.
2556 2347 2801 2421 Gallo-

726 2485 888 2533 rum
941 2461 1232 2535 colonia
1276 2473 1487 2535 erant
1533 2461 1856 2552 Cambri,
1911 2485 2040 2535 seu
2072 2461 2316 2535 Walli.
2421 2461 2571 2535 Cur
2627 2485 2801 2557 ergo

723 2598 873 2647 non
906 2574 1150 2672 potuit
1184 2597 1274 2646 ex
1307 2588 1532 2664 πέτορα,
1569 2576 1631 2648 si
1666 2600 1830 2666 vox,
1880 2576 2204 2673 inquam,
2240 2599 2330 2648 ea
2364 2575 2462 2649 sit
2493 2575 2800 2662 AEolica,

725 2688 886 2761 fieri
906 2713 1154 2787 pevar
1174 2692 1217 2761 9

825 2802 924 2875 A.
979 2800 1248 2875 Potuit.
1328 2799 1475 2872 Sed
1506 2799 1704 2874 unde
1732 2800 1993 2874 didicit
2027 2801 2149 2874 ille
2183 2810 2498 2900 quatuor
2522 2799 2805 2873 AEolice

726 2913 872 2987 dici
905 2927 1138 3004 πέταρα,
1174 2924 1303 2988 aut
1336 2916 1634 2988 omnino
1669 2938 1926 2988 vocem
1976 2914 2175 2988 illam
2226 2939 2385 2989 esse
2419 2913 2801 2989 Graecam?

822 3024 914 3100 B.
970 3027 1187 3100 Forte
1224 3026 1349 3123 qui
1396 3050 1533 3123 pro
1586 3039 1788 3100 certo
1829 3028 2146 3101 habebat
2181 3052 2438 3102 vocem
2488 3037 2805 3126 quatuor

725 3163 771 3213 a
803 3164 985 3213 voce
1017 3150 1221 3227 πέταρα
1257 3139 1666 3214 derivatum
1703 3164 1883 3228 esse,
1920 3164 2057 3214 nec
2092 3141 2389 3215 videbat
2435 3141 2804 3238 quomodo

725 3252 804 3329 id
837 3254 1049 3327 aliter
1082 3253 1242 3326 fieri
1286 3254 1552 3349 potuit,
1592 3252 1926 3327 dubitare
1962 3254 2200 3328 noluit
2250 3255 2427 3351 quin
2475 3255 2579 3328 ibi
2614 3265 2805 3329 esset

725 3391 869 3440 vox
915 3381 1114 3455 πέταρα
1167 3368 1582 3465 ubicunque
1635 3380 1828 3441 esset
1862 3379 2124 3457 πίσυρες,
2176 3379 2252 3442 et
2294 3367 2559 3441 debere
2603 3377 2805 3451 πίσυρα

726 3481 914 3554 verti
951 3481 1196 3555 Attice
1231 3481 1308 3553 in
1343 3497 1599 3572 πίττυρα,
1637 3496 1714 3555 et
1746 3493 2003 3579 postea
2044 3482 2122 3554 in
2157 3495 2384 3572 πέταρα,
2437 3491 2525 3556 ut
2573 3480 2806 3555 facilis

729 3605 922 3667 esset
970 3593 1319 3667 transitus
1354 3593 1448 3666 ad
1482 3604 1824 3693 quatuor.

828 3708 925 3781 A.
975 3707 1216 3782 Julius
1277 3708 1606 3805 Scaliger
1667 3707 1965 3781 deducit
2014 3731 2307 3804 quoque
2357 3714 2681 3806 quatuor
2733 3716 2809 3778 et

728 3819 1050 3918 quinque
1102 3843 1148 3892 a
1207 3819 1472 3894 Graeca
1521 3820 1828 3916 origine,
1885 3820 2014 3894 sed
2075 3820 2309 3894 aliter.
2414 3819 2807 3906 Nimirum,

729 3956 898 4005 cum
943 3932 1464 4029 antiquissimis
1510 3935 1961 4031 temporibus
2011 3935 2156 4008 tria
2204 3943 2494 4007 tantum
2552 3955 2809 4004 nume-

728 4071 981 4121 rorum
1014 4048 1315 4121 nomina
1337 4048 1719 4138 haberent,
1756 4058 1840 4135 ἔτ,
1868 4059 1983 4131 δύο,
2009 4068 2157 4138 τρια,
2187 4047 2533 4120 dicebant
2557 4044 2808 4140 digitis

728 4171 1196 4233 numerantes
1227 4173 1398 4257 post
1428 4174 1575 4252 τρία,
1603 4173 1864 4251 χᾶτερον,
1894 4172 1969 4234 et
2002 4171 2172 4257 post
2206 4172 2522 4257 quatuor
2556 4173 2610 4229 εἰ
2638 4169 2701 4229 ἕν
2726 4167 2808 4249 τὲ,

731 4298 895 4370 quae
929 4274 1171 4348 Latini
1204 4275 1792 4372 pronunciabant
1826 4283 2147 4373 quatuor
2183 4285 2258 4349 et
2292 4274 2628 4372 quinque.

829 4388 927 4462 B.
981 4388 1335 4465 Subtilius
1372 4389 1723 4486 Scaliger,
1764 4388 1894 4464 sed
1929 4398 2239 4484 uterque
2274 4388 2685 4485 nugatorie.
