3094 5125
939 488 1503 545 PRonLnMArA
1542 491 1929 546 PHYSICA.
2331 481 2474 548 335

487 656 582 731 Α.
635 659 775 731 Ρ31·
829 657 1181 732 elastrum
1247 658 1580 755 intelligo
1636 658 1960 755 partium
2018 659 2478 733 internarum
2594 691 2732 732 cu.
2753 690 2812 731 v.

392 782 738 846 conatum
772 771 1212 845 restituendi
1246 795 1323 845 se
1358 772 1456 846 ad
1490 772 1738 860 situm,
1773 796 1821 845 a
1853 796 2002 868 quo
2037 796 2170 869 per
2202 775 2478 848 tensio·
2557 758 2845 863 W

390 909 559 959 nem
592 885 930 960 abductae
964 883 1283 960 fuerant.
2607 890 2652 929 0‘
2670 884 2805 931 ΜΒ·

489 999 587 1071 Β.
643 998 969 1072 Conatus
1025 998 1207 1094 quid
1260 997 1359 1072 sit
1416 1022 1569 1073 non
1630 998 1796 1095 plus
1848 998 2204 1096 intelligo,
2259 1024 2480 1097 quam

391 1111 568 1208 quid
600 1111 696 1184 sit
722 1110 1097 1185 elastrum.

493 1224 590 1297 A.
647 1224 786 1299 Per
833 1236 1186 1298 conatum
1232 1223 1566 1320 intelligo
1613 1223 2058 1321 principium
2111 1236 2356 1299 motus
2400 1226 2482 1300 in

390 1339 663 1412 lamina
693 1337 1013 1412 tensioni
1049 1339 1523 1412 contrarium.

490 1453 588 1527 B.
620 1452 794 1526 'Sed
848 1452 1294 1550 principium
1347 1463 1594 1526 motus
1648 1451 2116 1548 quantumvis
2173 1452 2482 1526 insensi-

389 1566 559 1656 bile,
596 1578 848 1639 tamen
882 1578 1127 1640 motus
1162 1577 1292 1639 est.
1398 1564 1559 1639 Scis
1594 1577 1843 1638 autem
1871 1564 2053 1637 nihil
2087 1589 2246 1638 esse
2282 1566 2483 1662 quod

390 1679 835 1776 principium
871 1691 1116 1752 motus
1137 1679 1277 1751 sibi
1312 1678 1449 1774 ipsi
1486 1678 1663 1751 dare
1691 1688 1959 1774 potest.
2064 1678 2264 1753 Quid
2301 1703 2480 1777 ergo

391 1791 683 1865 laminae
717 1804 947 1865 tensae
974 1804 1052 1865 et
1085 1792 1495 1886 quiescenti
1522 1803 1871 1865 conatum
1898 1790 2101 1865 dedit
2133 1792 2230 1866 ad
2257 1793 2481 1867 situm

392 1906 711 2003 priorem
745 1904 1212 1979 revertendi?

491 2016 585 2092 A.
639 2019 772 2093 Ille
807 2018 1016 2093 dedit
1049 2019 1175 2115 qui
1208 2019 1441 2114 ipsam
1475 2018 1815 2092 tetendit.

492 2133 591 2204 B.
649 2133 843 2206 Fieri
892 2157 1046 2206 non
1085 2143 1357 2229 potest.
1463 2131 1596 2204 Ille
1648 2133 1846 2205 enim
1894 2143 2242 2207 conatum
2274 2158 2486 2231 pror-

394 2268 555 2318 sum
590 2246 838 2319 dedit:
893 2247 1022 2320 sed
1058 2258 1366 2320 conatus
1403 2245 1525 2318 hic
1568 2257 1687 2318 est
1720 2257 2148 2319 retrorsum.

491 2358 589 2431 A.
645 2359 1118 2434 Concedatur
1162 2369 1512 2432 conatum
1547 2381 1707 2432 esse
1741 2371 2049 2448 motum,
2091 2371 2168 2431 et
2200 2370 2487 2433 motum

393 2470 599 2544 illum
634 2495 790 2546 esse
824 2474 899 2545 in
936 2473 1267 2570 partibus
1300 2472 1612 2545 internis
1657 2471 1950 2545 laminae
2000 2495 2288 2570 semper
2334 2475 2485 2548 sive

392 2594 622 2659 tensae
656 2587 810 2659 sive
845 2610 996 2660 non
1027 2599 1304 2661 tensae:
1359 2610 1507 2682 quo
1540 2597 1762 2683 pacto
1797 2585 1969 2659 inde
2001 2586 2253 2675 infers,
2284 2589 2486 2683 quod

390 2701 883 2773 necessarium
912 2703 1031 2790 sit,
1060 2701 1501 2796 simulatque
1529 2724 1576 2774 a
1602 2700 1676 2772 vi
1712 2701 2069 2774 tensionis
2103 2700 2482 2792 liberatur,

392 2823 476 2886 ut
510 2838 598 2887 ea
623 2813 718 2887 ad
753 2814 974 2888 situm
1009 2815 1403 2911 pristinum
1437 2813 1922 2888 restituatur?

496 2927 595 3000 B.
652 2928 820 3001 Hoc
888 2940 1129 3024 pacto.
1256 2927 1445 3001 Cum
1503 2928 1602 3000 sit
1658 2928 1737 2999 in
1795 2926 2130 3024 partibus
2189 2926 2483 3002 laminae

391 3054 637 3116 motus
692 3042 982 3138 qualem
1040 3042 1218 3130 dixi,
1268 3041 1655 3114 invisibilis
1697 3039 1994 3137 quidem
2048 3039 2180 3112 sed
2234 3051 2484 3113 tamen

389 3157 909 3246 velocissimus,
946 3156 1170 3229 etiam
1204 3166 1374 3228 ante
1412 3155 1849 3238 tensionem,
1885 3165 2131 3225 motus
2177 3152 2300 3226 ille
2357 3154 2484 3249 qni

390 3284 560 3345 ante
581 3271 995 3345 tensionem
1016 3269 1241 3341 fiebat
1266 3267 1672 3341 secundnm
1694 3265 2233 3362 longitudinem
2262 3290 2484 3362 quam

390 3384 647 3459 habuit
703 3384 797 3457 ab
859 3383 1130 3456 ictibus
1178 3381 1611 3455 malleorum
1659 3380 1965 3477 chalybe
2011 3379 2253 3453 adhuc
2309 3404 2483 3452 can-

392 3496 635 3586 dente,
683 3507 973 3570 tensam
1032 3519 1229 3567 nnnc
1286 3493 1380 3566 ad
1449 3492 1767 3566 eundem
1832 3494 2057 3566 sitnm
2125 3493 2482 3566 continuo

392 3623 633 3706 urget.
720 3609 979 3707 Itaque
1017 3608 1264 3681 ablato
1300 3606 1856 3704 impedimentO,
1892 3607 1990 3680 ad
2024 3607 2245 3680 situm
2280 3608 2481 3703 prio-

391 3745 549 3795 rem
582 3722 926 3796 laminam
962 3722 1325 3795 restituet.

494 3835 590 3908 A.
650 3835 797 3909 Sed
856 3847 1252 3933 antequam
1316 3844 1781 3909 removeatur
1847 3832 2476 3930 impedimentum,

392 3959 698 4022 conatus
754 3949 875 4021 ille
932 3949 1310 4022 nullumne
1365 3950 1714 4023 effectum
1763 3944 2178 4044 producet?
2284 3944 2479 4017 Nam

393 4071 701 4134 conatus
754 4061 878 4135 ille
925 4075 1167 4136 motus
1216 4073 1375 4148 est;
1428 4075 1504 4136 et
1560 4074 1802 4135 motus
1850 4061 2087 4134 omnis
2134 4060 2478 4132 effectum

391 4175 711 4270 aliquem
745 4175 1016 4248 habere
1050 4177 1291 4250 debet.

496 4288 595 4361 B.
632 4288 898 4375 Etiam,
912 4289 1252 4363 effectum
1273 4290 1590 4386 aliquem
1609 4289 1947 4371 habebit;
1971 4310 2234 4382 nempe
2254 4287 2478 4370 hunc,

390 4413 477 4477 ut
509 4414 842 4498 tempore
875 4403 1029 4491 fiat,
1064 4403 1287 4498 longo
1325 4404 1625 4498 inquam
1660 4415 2015 4498 tempore,
2051 4410 2137 4474 ut
2170 4409 2479 4474 conatus
