3094 5125
297 688 601 732 mALoous

437 771 477 811 1.

681 483 776 547 42
1118 492 1658 546 nxAmNA‘rto
1699 492 1802 545 ET
1840 493 2338 546 EMnNmtrro

681 660 880 758 quod
913 672 992 734 et
1022 684 1279 734 verum
1315 672 1451 750 est,
1489 673 1569 733 et
1595 658 2069 734 manifestum
2099 658 2278 733 facit
2309 658 2775 732 demonstra-

681 776 961 848 tionem
1005 785 1266 865 totam,
1322 776 1530 871 cujus
1590 774 1966 847 conclusio
2019 784 2156 863 est,
2212 772 2379 861 AC,
2438 771 2576 845 BC
2609 795 2776 844 esse

679 887 875 962 inter
917 912 999 961 se
1042 887 1387 985 oequales,
1439 912 1597 961 esse
1651 886 2354 961 demonstrationem
2409 884 2771 958 directam

678 1018 774 1072 τοῦ
813 1011 966 1073 διάη.
1070 1003 1264 1075 Nam
1323 1013 1715 1099 utramque
1776 1000 1941 1092 AC,
1996 1000 2133 1074 BC
2190 1000 2546 1097 aequalem
2611 1022 2771 1072 esse

679 1114 749 1186 A
764 1112 826 1185 B
894 1113 1479 1189 demonstratum
1557 1126 1673 1188 est
1737 1136 1873 1210 per
1937 1137 2237 1187 causam
2303 1112 2766 1201 efficientem,

680 1250 945 1323 nempe
1011 1251 1146 1323 per
1219 1227 1845 1302 constructionem
1917 1226 2235 1300 duorum
2298 1225 2764 1314 circulorum,

681 1340 1115 1436 permutatis
1182 1341 1477 1428 centris,
1584 1364 1804 1437 super
1870 1339 2178 1413 eandem
2246 1354 2525 1413 rectam
2594 1341 2761 1413 AB.

682 1455 841 1527 Imo
878 1477 1077 1544 vero,
1133 1453 1390 1527 eadem
1443 1454 1571 1527 illa
1625 1453 2078 1528 constructio
2132 1476 2357 1526 causa
2406 1463 2522 1527 est
2566 1453 2766 1549 quod

681 1566 847 1639 duae
881 1568 999 1640 vel
1032 1567 1325 1663 quotvis
1358 1568 1574 1641 lineae
1618 1580 1843 1640 rectae
1890 1567 2086 1640 inter
2130 1590 2208 1639 se
2242 1566 2560 1662 aequales
2594 1567 2764 1640 sint.

683 1683 878 1755 Nam
911 1681 1184 1770 radius,
1223 1705 1368 1778 quo
1395 1681 1713 1755 circulus
1739 1681 2202 1770 describitur,
2227 1691 2611 1753 mensurat
2633 1704 2766 1776 per

680 1810 976 1888 ἐφάρμοσιν
1012 1794 1436 1869 distantiam
1481 1820 1528 1868 a
1561 1806 1818 1869 centro
1860 1793 1956 1869 ad
1989 1792 2654 1868 circumferentiam
2688 1792 2765 1864 in

678 1909 859 1983 locis
911 1909 1219 1983 infinitis
1271 1908 1607 1983 eandem.
1709 1908 1882 1982 Non
1928 1931 2106 2004 ergo
2139 1920 2256 1981 est
2299 1907 2426 1979 illa
2459 1905 2766 1980 demon-

679 2023 962 2097 strandi
995 2023 1184 2098 ratio
1209 2024 1583 2097 ostensiva
1611 2041 1710 2096 τοῦ
1735 2037 1840 2094 ὅτι.

781 2136 882 2211 Α.
936 2138 1195 2234 Neque
1221 2137 1464 2233 placet
1495 2135 1678 2208 mihi
1704 2133 1831 2207 illa
1864 2134 2021 2231 ipsa
2053 2133 2423 2208 distinctio
2459 2132 2762 2206 demon-

680 2251 1057 2324 strationis
1089 2251 1166 2323 in
1202 2247 1644 2321 ostensivum
1678 2256 1754 2319 et
1789 2246 2255 2320 deductivam
2287 2245 2398 2319 ad
2427 2246 2760 2344 impossi-

681 2362 853 2436 bile.
956 2363 1128 2435 Non
1164 2361 1361 2434 enim
1393 2357 1729 2455 loquutio
1777 2369 1888 2432 est
1935 2359 2222 2433 doctori
2263 2358 2758 2448 scientiarum,

674 2474 1083 2572 praesertim
1117 2471 1828 2565 mathematicamm,
1875 2472 2055 2545 satis
2091 2482 2459 2545 accurata.
2568 2473 2759 2546 Nam

675 2585 1208 2661 demonstratio
1241 2586 1612 2660 ostensiva
1636 2583 1832 2658 idem
1859 2597 1973 2659 est
1999 2584 2198 2682 quod
2231 2585 2761 2660 demonstratio

677 2698 1274 2775 demonstrativa.
1375 2700 1509 2773 Est
1568 2697 1765 2771 enim
1823 2698 2077 2787 altera,
2149 2722 2238 2771 ea
2295 2722 2461 2795 quae
2517 2699 2760 2773 tendit

675 2825 879 2888 recta
910 2813 1030 2887 via
1078 2813 1176 2886 ad
1218 2813 1452 2910 ipsam
1491 2811 2117 2910 propositionem;
2170 2813 2425 2900 altera,
2470 2836 2561 2886 ea
2595 2838 2758 2910 quae

675 2927 916 3001 tendit
949 2927 1046 3001 ad
1079 2926 1730 3001 contradictoriam
1782 2926 1964 3022 ejuS,
1999 2926 2141 3014 via,
2191 2925 2456 3021 primo,
2508 2940 2755 3011 recta;

676 3040 963 3130 deinde,
1000 3064 1134 3137 per
1159 3040 1739 3129 conversionem,
1767 3040 1864 3114 ad
1888 3040 2464 3136 propositionem
2500 3040 2754 3136 ipsam.

778 3153 876 3226 B.
931 3155 1243 3229 Quoties
1275 3155 1494 3228 audio
1530 3178 1974 3251 quemquam
2022 3152 2266 3226 dicere
2303 3153 2755 3227 demonstra-

674 3266 934 3339 tionem
955 3285 1052 3340 τοῦ
1076 3281 1177 3351 ὅτι,
1197 3267 1320 3341 vix
1339 3291 1457 3341 me
1481 3268 1824 3341 contineo
1848 3290 1940 3340 ne
1961 3266 2410 3361 interrogem
2430 3278 2528 3336 τοῦ
2554 3277 2641 3336 ὅτι
2672 3287 2755 3350 τίς

671 3380 800 3452 sed
855 3406 975 3454 me
1028 3382 1374 3456 contineo
1425 3394 1699 3470 tamen,
1752 3405 1845 3454 ne
1896 3380 2098 3478 quod
2148 3405 2404 3454 omnes
2450 3404 2527 3452 se
2570 3380 2755 3454 scire

672 3492 948 3579 dicant,
1000 3495 1196 3568 solus
1245 3495 1497 3568 videar
1541 3494 1910 3590 ignorare.
2015 3495 2153 3568 Dic
2206 3517 2410 3590 ergo,
2463 3518 2634 3569 cum
2680 3497 2755 3568 in

671 3607 873 3679 omni
926 3606 1553 3681 demonstratione
1608 3606 1860 3679 dicant
1915 3607 2113 3702 quod
2157 3631 2414 3682 verum
2458 3620 2594 3697 est,
2639 3609 2756 3682 vel

671 3720 866 3816 quod
891 3720 1178 3809 falsum,
1234 3718 1602 3814 quomodo
1636 3744 1786 3792 una
1830 3719 2358 3794 demonstratio
2395 3735 2505 3794 est
2541 3721 2752 3818 quod,

669 3834 813 3907 alia
831 3843 1158 3930 propter
1192 3832 1371 3929 quid
1390 3838 1435 3906 ,9
1538 3833 1921 3906 Nescimus
1982 3833 2177 3906 enim
2233 3834 2432 3930 quod
2479 3859 2597 3908 res
2652 3837 2755 3908 ita

669 3959 805 4036 est,
867 3946 1009 4019 nisi
1068 3946 1379 4019 sciamus
1419 3958 1749 4044 propter
1805 3947 1989 4043 quid
2039 3947 2148 4021 ita
2207 3960 2369 4030 est;
2414 3948 2629 4044 juxta
2677 3949 2754 4021 id

671 4059 872 4156 quod
938 4057 1254 4132 solemus
1323 4058 1567 4132 dicere
1632 4060 2110 4151 Aristotelici,
2171 4061 2367 4133 scire
2434 4072 2550 4135 est
2601 4086 2755 4159 per

671 4198 973 4246 cansam
1009 4171 1233 4245 seire.

772 4289 870 4361 Α.
922 4285 1232 4358 Videtur
1256 4283 1712 4374 AristoteleS,
1742 4310 1912 4360 cum
1942 4285 2021 4359 in
2063 4285 2393 4382 Physica
2420 4286 2749 4360 animad-

664 4400 1005 4474 vertisset
1059 4424 1206 4474 non
1262 4400 1607 4473 effectum
1658 4424 1791 4496 per
1839 4424 2137 4474 causam
2174 4399 2591 4496 cognitam,
2621 4399 2749 4474 sed
