3094 5125
734 506 830 576 28
1168 525 1708 578 ΕΧΑΜῙΝΑΤῙΟ
1748 526 1850 578 ET
1888 525 2387 578 EMENDATIO

352 714 654 758 mancus
727 716 862 791 per
895 717 1311 767 mensuram
1346 693 1667 791 cognita,
1699 693 1914 789 juxta
1939 716 2162 790 quam
2190 705 2478 767 coeterae
2505 704 2818 790 possunt

356 797 644 900 „Eg-„2
727 807 1101 897 aestimari,
1159 807 1488 881 definitio
1557 807 1984 904 geometriae
2047 808 2314 881 clarior
2372 807 2538 897 erit,
2593 807 2654 881 si
2705 807 2812 880 sic

729 920 1057 993 dicamus
1082 952 1101 1006 ;
1133 921 1551 1018 geometria
1568 929 1683 993 est
1703 920 2024 994 scientia
2046 920 2591 995 determinandi
2611 945 2814 1018 mag-

727 1033 1152 1123 nitudinem,
1222 1034 1376 1107 sive
1429 1033 1795 1132 corporis,
1865 1034 2019 1107 sive
2069 1034 2444 1133 temporis,
2494 1034 2652 1107 sive
2698 1033 2813 1106 rei

727 1146 1114 1245 cujuslibet
1147 1172 1284 1220 non
1318 1157 1783 1236 mensuratae,
1816 1171 1971 1244 per
2002 1147 2622 1245 comparationem
2659 1149 2812 1244 eju-³

729 1285 887 1333 eum
924 1258 1085 1332 alia
1118 1259 1239 1332 vel
1267 1258 1445 1332 aliis
1475 1257 2111 1357 magnitudinibus
2145 1260 2621 1332 mensuratis,

828 1374 926 1446 B.
978 1373 1357 1469 Exquisite
1391 1373 1560 1445 hoc.
1664 1373 1761 1445 Et
1785 1373 2131 1468 quoniam
2167 1372 2606 1469 magnitudo
2644 1397 2807 1446 con-

727 1486 935 1560 tinua
970 1486 1315 1582 quaelibet
1351 1486 1524 1559 data
1550 1485 1778 1559 dividi
1804 1497 2050 1582 potest
2078 1488 2154 1559 in
2180 1500 2426 1583 partes
2454 1487 2807 1583 quotlibet

728 1600 1113 1696 aliquotaS,
1148 1599 1432 1672 ratione
1469 1601 1627 1696 ejus
1663 1600 1756 1672 ad
1784 1600 2188 1693 quamlibet
2212 1600 2431 1674 aliam
2467 1625 2619 1674 non
2657 1625 2804 1673 mu-

726 1726 907 1803 tata,
963 1712 1431 1786 manifestum
1491 1724 1607 1786 est
1668 1713 2209 1786 arithmeticam
2271 1715 2346 1785 in
2407 1716 2807 1809 geometria

728 1827 1113 1900 contineri.
1220 1827 1367 1901 Sed
1434 1827 1652 1922 cupio
1715 1825 1941 1899 etiam
1996 1826 2500 1900 definitionem
2560 1829 2807 1902 audire

724 1940 1209 2015 arithmeticae
1245 1942 1546 2015 seorsim
1586 1965 1631 2013 a
1663 1940 2094 2036 geometria.

824 2055 922 2128 A.
978 2053 1481 2127 Arithmetica
1534 2063 1651 2125 est
1696 2051 2016 2125 scientia
2058 2052 2604 2127 determinandi
2638 2055 2809 2128 mul-

723 2167 1106 2241 titudinem
1141 2190 1392 2240 rernm
1432 2190 1577 2238 non
1611 2175 2183 2254 namet-alarum,
2217 2190 2373 2264 per
2423 2191 2810 2265 compara-

724 2281 984 2352 tionem
1033 2305 1192 2353 cnm
1247 2287 1637 2351 numerata
1688 2276 1805 2349 vel
1849 2279 2282 2351 numerati&
2389 2280 2656 2377 Itaque
2691 2281 2811 2377 qui

724 2392 816 2464 de
852 2392 1265 2489 quantitate
1298 2391 1607 2486 loquens
1634 2389 2010 2480 continua,
2036 2403 2416 2486 geometra
2442 2404 2578 2481 est,
2617 2394 2811 2468 idem

728 2507 818 2580 de
872 2506 1130 2579 eadem
1180 2504 1486 2602 loquens
1539 2504 1956 2602 quantitate
2010 2516 2095 2580 ut
2141 2505 2375 2580 divisa
2436 2506 2513 2581 in
2560 2519 2814 2604 partes

729 2621 1118 2715 aliquotas,
1157 2629 1269 2692 est
1303 2618 1833 2692 arithmeticus

829 2733 929 2806 B.
982 2732 1388 2806 Assentior.
1492 2732 1945 2829 Progredere
1981 2732 2076 2805 ad
2112 2732 2277 2806 alia.

828 2846 926 2920 Α.
981 2835 1321 2919 Proximo
1382 2846 1545 2919 loco
1609 2847 1788 2943 poni
1841 2856 2218 2943 oporteret
2253 2846 2589 2942 Physica
2639 2845 2819 2922 Uni-

725 2960 947 3049 versi,
982 2959 1342 3057 siquidem
1385 2960 1477 3032 ab
1537 2960 1832 3033 homine
1888 2960 2168 3055 acquiri
2202 2969 2473 3055 posset,
2511 2983 2659 3055 qua
2692 2961 2822 3035 de-'-

729 3074 1248 3146 terminaretur
1275 3072 1710 3169 magnitudo
1733 3085 1811 3145 et
1836 3083 2078 3145 motus
2111 3071 2437 3145 universi
2463 3083 2821 3168 tanquam

729 3186 1058 3281 corporis
1091 3185 1333 3274 unius,
1388 3196 1464 3257 et
1512 3208 1966 3280 quaecunque
2019 3184 2191 3257 inde
2243 3196 2817 3280 consequuntur.

727 3299 980 3372 Tertio
1027 3298 1215 3383 loce,
1270 3297 1604 3370 succedit
1656 3298 1986 3383 scientia,
2037 3322 2183 3393 qua
2230 3297 2821 3374 determinantur

731 3437 1122 3509 corporum
1184 3411 1588 3484 coelestium
1643 3411 2061 3499 visibilium,
2123 3410 2199 3483 id
2251 3421 2387 3499 est,
2440 3411 2822 3486 stellarum

732 3539 887 3599 tum
943 3528 1254 3599 fixarum
1288 3536 1447 3598 tum
1493 3524 1979 3619 planetarum,
2017 3524 2545 3618 comprehenso
2598 3526 2821 3600 etiam

731 3639 952 3736 globo
1014 3639 1318 3727 telluriS‚
1381 3648 1457 3710 et
1514 3648 1849 3711 motuum
1917 3638 2180 3733 quibus
2251 3660 2504 3710 eorum
2559 3661 2819 3713 unum-

734 3752 1078 3847 quodque
1131 3752 1388 3839 fertur,
1430 3751 2029 3846 magnitudines;
2083 3748 2640 3847 appellaturque
2675 3753 2822 3825 A&

736 3864 1121 3938 tronomia.
1226 3865 1539 3950 QuartO,
1594 3862 1904 3935 scientia
1946 3885 2093 3957 qua
2132 3874 2375 3935 motus
2423 3887 2820 3959 corporum

733 3978 1205 4054 invisibilium
1247 3977 1853 4065 determinantur,
1907 4000 1952 4048 a
1987 3975 2249 4071 quibus
2286 3976 2510 4066 calor,
2562 3976 2819 4073 frigus,

731 4095 1003 4182 lumen,
1041 4104 1470 4186 caeteraeque
1506 4090 1895 4185 qualitates
1942 4101 2416 4186 generantur,
2453 4100 2527 4162 et
2565 4114 2821 4186 opera-

732 4210 969 4281 tiones
1008 4230 1158 4278 non
1206 4205 1406 4293 visae,
1455 4203 1873 4300 gradusque
1928 4227 2182 4276 earum
2230 4204 2461 4276 fiunt:
2513 4215 2821 4277 vocatur

733 4334 977 4392 autem
1016 4317 1366 4415 Physica.
1472 4315 1757 4389 Deinde
1792 4315 1888 4388 ad
1923 4328 2289 4388 astrorum
2337 4327 2582 4412 partes
2617 4317 2819 4390 veni-

733 4444 960 4523 entes»,
998 4432 1076 4505 id
1113 4444 1247 4522 est,
1282 4430 1378 4505 ad
1411 4441 1660 4526 partes
1693 4429 1895 4526 globi
1922 4429 2317 4520 terrestriS,
2345 4430 2547 4521 (nam
2583 4440 2819 4504 astro-
