<?xml version="1.0" encoding="UTF-8"?>
<!DOCTYPE html PUBLIC "-//W3C//DTD XHTML 1.0 Transitional//EN"
    "http://www.w3.org/TR/xhtml1/DTD/xhtml1-transitional.dtd">
<html xmlns="http://www.w3.org/1999/xhtml" xml:lang="en" lang="en">
 <head>
  <title>
</title>
<meta http-equiv="Content-Type" content="text/html;charset=utf-8" />
  <meta name='ocr-system' content='tesseract 3.04.00' />
  <meta name='ocr-capabilities' content='ocr_page ocr_carea ocr_par ocr_line ocrx_word'/>
</head>
<body>
  <div class='ocr_page' id='page_1' title='image "./thomhobbesmalme02molegoog_0450.png"; bbox 0 0 3094 5125; ppageno 0'>
   <div class='ocr_carea' id='block_1_1' title="bbox 727 486 2516 556">
    <p class='ocr_par' dir='ltr' id='par_1_1' title="bbox 727 486 2516 556">
     <span class='ocr_line' id='line_1_1' title="bbox 727 486 2516 556; baseline 0 -2"><span class='ocrx_word' id='word_1_1' title='bbox 727 486 875 554; x_wconf 79' lang='grc'><strong>438</strong></span> <span class='ocrx_word' id='word_1_2' title='bbox 1004 501 1113 554; x_wconf 78' lang='grc' dir='ltr'><strong>ΒΕ</strong></span> <span class='ocrx_word' id='word_1_3' title='bbox 1150 500 1611 554; x_wconf 76' lang='grc' dir='ltr'>ΡΒΙΝΟῘΡῘΙΒ</span> <span class='ocrx_word' id='word_1_4' title='bbox 1650 501 1753 553; x_wconf 82' lang='grc' dir='ltr'><strong>ΕΤ</strong></span> <span class='ocrx_word' id='word_1_5' title='bbox 1788 500 2516 556; x_wconf 76' lang='lat' dir='ltr'><strong>RATloclNATIONss</strong></span> 
     </span>
    </p>
   </div>
   <div class='ocr_carea' id='block_1_2' title="bbox 336 667 2829 4391">
    <p class='ocr_par' dir='ltr' id='par_1_2' title="bbox 346 667 2829 765">
     <span class='ocr_line' id='line_1_2' title="bbox 346 667 2829 765; baseline 0.002 -29"><span class='ocrx_word' id='word_1_6' title='bbox 346 694 481 736; x_wconf 70' lang='lat' dir='ltr'><strong>cu».</strong></span> <span class='ocrx_word' id='word_1_7' title='bbox 510 695 662 737; x_wconf 82' lang='lat' dir='ltr'><strong>xvn.</strong></span> <span class='ocrx_word' id='word_1_8' title='bbox 827 668 1189 742; x_wconf 89' lang='lat' dir='ltr'><strong>Numerat</strong></span> <span class='ocrx_word' id='word_1_9' title='bbox 1212 667 1616 742; x_wconf 83' lang='lat' dir='ltr'>duodecem</span> <span class='ocrx_word' id='word_1_10' title='bbox 1635 667 1777 741; x_wconf 87' lang='lat' dir='ltr'><strong>alia</strong></span> <span class='ocrx_word' id='word_1_11' title='bbox 1799 691 2072 764; x_wconf 88' lang='lat' dir='ltr'><strong>genera</strong></span> <span class='ocrx_word' id='word_1_12' title='bbox 2093 668 2462 742; x_wconf 87' lang='lat' dir='ltr'><strong>rationum</strong></span> <span class='ocrx_word' id='word_1_13' title='bbox 2482 669 2829 765; x_wconf 88' lang='lat' dir='ltr'><strong>Pappus,</strong></span> 
     </span>
    </p>

    <p class='ocr_par' dir='ltr' id='par_1_3' title="bbox 337 763 2824 883">
     <span class='ocr_line' id='line_1_3' title="bbox 337 763 2824 883; baseline 0 -29"><span class='ocrx_word' id='word_1_14' title='bbox 337 763 654 883; x_wconf 45' lang='grc' dir='ltr'><strong>πω</strong></span> <span class='ocrx_word' id='word_1_15' title='bbox 731 805 1045 878; x_wconf 91' lang='lat' dir='ltr'><strong>quorum</strong></span> <span class='ocrx_word' id='word_1_16' title='bbox 1080 780 1226 854; x_wconf 91' lang='lat' dir='ltr'><strong>duo</strong></span> <span class='ocrx_word' id='word_1_17' title='bbox 1262 781 1683 856; x_wconf 82' lang='lat' dir='ltr'><strong>considerat</strong></span> <span class='ocrx_word' id='word_1_18' title='bbox 1712 783 1792 855; x_wconf 93' lang='lat' dir='ltr'><strong>in</strong></span> <span class='ocrx_word' id='word_1_19' title='bbox 1826 782 2369 856; x_wconf 83' lang='lat' dir='ltr'>Commentario</span> <span class='ocrx_word' id='word_1_20' title='bbox 2390 782 2487 856; x_wconf 87' lang='lat' dir='ltr'><strong>ad</strong></span> <span class='ocrx_word' id='word_1_21' title='bbox 2522 781 2703 854; x_wconf 87' lang='lat' dir='ltr'><strong>Def.</strong></span> <span class='ocrx_word' id='word_1_22' title='bbox 2742 791 2824 854; x_wconf 88' lang='grc'><strong>6.</strong></span> 
     </span>
    </p>

    <p class='ocr_par' dir='ltr' id='par_1_4' title="bbox 336 891 2823 2683">
     <span class='ocr_line' id='line_1_4' title="bbox 336 891 2822 1001; baseline 0 -33"><span class='ocrx_word' id='word_1_23' title='bbox 336 891 674 1001; x_wconf 49' lang='grc' dir='ltr'><strong>ξιξζξζήῖω</strong></span> <span class='ocrx_word' id='word_1_24' title='bbox 728 895 958 969; x_wconf 89' lang='lat' dir='ltr'><strong>Elem.</strong></span> <span class='ocrx_word' id='word_1_25' title='bbox 995 918 1065 986; x_wconf 76' lang='lat' dir='ltr'><strong>V,</strong></span> <span class='ocrx_word' id='word_1_26' title='bbox 1094 894 1421 968; x_wconf 82' lang='lat' dir='ltr'><strong>Clavius:</strong></span> <span class='ocrx_word' id='word_1_27' title='bbox 1453 894 1825 986; x_wconf 90' lang='lat' dir='ltr'><strong>nimirum,</strong></span> <span class='ocrx_word' id='word_1_28' title='bbox 1849 895 2212 970; x_wconf 90' lang='lat' dir='ltr'><strong>rationem</strong></span> <span class='ocrx_word' id='word_1_29' title='bbox 2236 895 2822 982; x_wconf 80' lang='lat' dir='ltr'><strong>arithmeticam,</strong></span> 
     </span>
     <span class='ocr_line' id='line_1_5' title="bbox 730 1007 2820 1106; baseline -0 -24"><span class='ocrx_word' id='word_1_30' title='bbox 730 1020 807 1082; x_wconf 89' lang='lat' dir='ltr'><strong>et</strong></span> <span class='ocrx_word' id='word_1_31' title='bbox 872 1008 1234 1081; x_wconf 87' lang='lat' dir='ltr'><strong>rationem</strong></span> <span class='ocrx_word' id='word_1_32' title='bbox 1291 1007 1792 1083; x_wconf 81' lang='lat' dir='ltr'><strong>harmonicam</strong></span> <span class='ocrx_word' id='word_1_33' title='bbox 1860 1010 2012 1084; x_wconf 89' lang='lat' dir='ltr'><strong>sive</strong></span> <span class='ocrx_word' id='word_1_34' title='bbox 2079 1010 2454 1083; x_wconf 83' lang='lat' dir='ltr'><strong>musicam.</strong></span> <span class='ocrx_word' id='word_1_35' title='bbox 2555 1010 2820 1106; x_wconf 84' lang='lat' dir='ltr'><strong>Atque</strong></span> 
     </span>
     <span class='ocr_line' id='line_1_6' title="bbox 729 1121 2818 1219; baseline 0 -23"><span class='ocrx_word' id='word_1_36' title='bbox 729 1121 1208 1196; x_wconf 60' lang='lat' dir='ltr'><strong>arithmeticae</strong></span> <span class='ocrx_word' id='word_1_37' title='bbox 1251 1122 1546 1219; x_wconf 91' lang='lat' dir='ltr'><strong>quidem</strong></span> <span class='ocrx_word' id='word_1_38' title='bbox 1605 1122 1782 1196; x_wconf 87' lang='lat' dir='ltr'><strong>satis</strong></span> <span class='ocrx_word' id='word_1_39' title='bbox 1826 1122 2017 1196; x_wconf 90' lang='lat' dir='ltr'><strong>bene</strong></span> <span class='ocrx_word' id='word_1_40' title='bbox 2070 1124 2414 1197; x_wconf 85' lang='lat' dir='ltr'><strong>convenit</strong></span> <span class='ocrx_word' id='word_1_41' title='bbox 2467 1122 2818 1196; x_wconf 88' lang='lat' dir='ltr'><strong>definitio</strong></span> 
     </span>
     <span class='ocr_line' id='line_1_7' title="bbox 729 1234 2820 1334; baseline 0.001 -27"><span class='ocrx_word' id='word_1_42' title='bbox 729 1234 1037 1308; x_wconf 89' lang='lat' dir='ltr'><strong>rationis</strong></span> <span class='ocrx_word' id='word_1_43' title='bbox 1070 1234 1343 1308; x_wconf 87' lang='lat' dir='ltr'><strong>tradita</strong></span> <span class='ocrx_word' id='word_1_44' title='bbox 1376 1236 1470 1308; x_wconf 90' lang='lat' dir='ltr'><strong>ab</strong></span> <span class='ocrx_word' id='word_1_45' title='bbox 1505 1235 1832 1310; x_wconf 89' lang='lat' dir='ltr'><strong>Euclide.</strong></span> <span class='ocrx_word' id='word_1_46' title='bbox 1932 1235 2129 1310; x_wconf 92' lang='lat' dir='ltr'><strong>Nam</strong></span> <span class='ocrx_word' id='word_1_47' title='bbox 2161 1237 2615 1334; x_wconf 77' lang='lat' dir='ltr'><strong>quantitates</strong></span> <span class='ocrx_word' id='word_1_48' title='bbox 2641 1237 2820 1310; x_wconf 81' lang='lat' dir='ltr'><strong>duae</strong></span> 
     </span>
     <span class='ocr_line' id='line_1_8' title="bbox 732 1347 2823 1447; baseline 0.002 -28"><span class='ocrx_word' id='word_1_49' title='bbox 732 1370 1041 1443; x_wconf 89' lang='lat' dir='ltr'><strong>quarum</strong></span> <span class='ocrx_word' id='word_1_50' title='bbox 1074 1371 1223 1421; x_wconf 89' lang='lat' dir='ltr'><strong>una</strong></span> <span class='ocrx_word' id='word_1_51' title='bbox 1273 1347 1582 1421; x_wconf 88' lang='lat' dir='ltr'><strong>alteram</strong></span> <span class='ocrx_word' id='word_1_52' title='bbox 1638 1362 1936 1445; x_wconf 88' lang='lat' dir='ltr'><strong>superat</strong></span> <span class='ocrx_word' id='word_1_53' title='bbox 1991 1351 2401 1447; x_wconf 82' lang='lat' dir='ltr'><strong>quantitate</strong></span> <span class='ocrx_word' id='word_1_54' title='bbox 2453 1349 2823 1423; x_wconf 84' lang='lat' dir='ltr'><strong>determi-</strong></span> 
     </span>
     <span class='ocr_line' id='line_1_9' title="bbox 730 1461 2819 1559; baseline 0.001 -26"><span class='ocrx_word' id='word_1_55' title='bbox 730 1471 928 1550; x_wconf 88' lang='lat' dir='ltr'><strong>nata,</strong></span> <span class='ocrx_word' id='word_1_56' title='bbox 962 1461 1238 1535; x_wconf 91' lang='lat' dir='ltr'><strong>habent</strong></span> <span class='ocrx_word' id='word_1_57' title='bbox 1272 1461 1463 1535; x_wconf 90' lang='lat' dir='ltr'><strong>inter</strong></span> <span class='ocrx_word' id='word_1_58' title='bbox 1494 1486 1573 1535; x_wconf 92' lang='lat' dir='ltr'><strong>se</strong></span> <span class='ocrx_word' id='word_1_59' title='bbox 1605 1462 2110 1535; x_wconf 87' lang='lat' dir='ltr'><strong>habitudinem</strong></span> <span class='ocrx_word' id='word_1_60' title='bbox 2144 1461 2512 1559; x_wconf 88' lang='lat' dir='ltr'><strong>quandam</strong></span> <span class='ocrx_word' id='word_1_61' title='bbox 2545 1487 2819 1536; x_wconf 87' lang='lat' dir='ltr'><strong>secun·</strong></span> 
     </span>
     <span class='ocr_line' id='line_1_10' title="bbox 734 1574 2822 1671; baseline 0.001 -24"><span class='ocrx_word' id='word_1_62' title='bbox 734 1574 908 1648; x_wconf 93' lang='lat' dir='ltr'><strong>dum</strong></span> <span class='ocrx_word' id='word_1_63' title='bbox 935 1576 1448 1671; x_wconf 88' lang='lat' dir='ltr'><strong>quantitatem.</strong></span> <span class='ocrx_word' id='word_1_64' title='bbox 1527 1576 1745 1649; x_wconf 85' lang='lat' dir='ltr'><strong>Ratio</strong></span> <span class='ocrx_word' id='word_1_65' title='bbox 1779 1589 2026 1648; x_wconf 89' lang='lat' dir='ltr'><strong>autem</strong></span> <span class='ocrx_word' id='word_1_66' title='bbox 2059 1599 2277 1669; x_wconf 90' lang='lat' dir='ltr'><strong>quam</strong></span> <span class='ocrx_word' id='word_1_67' title='bbox 2303 1576 2822 1650; x_wconf 88' lang='lat' dir='ltr'><strong>harmonicam</strong></span> 
     </span>
     <span class='ocr_line' id='line_1_11' title="bbox 731 1688 2820 1784; baseline 0.001 -23"><span class='ocrx_word' id='word_1_68' title='bbox 731 1700 1021 1779; x_wconf 88' lang='lat' dir='ltr'><strong>vocant,</strong></span> <span class='ocrx_word' id='word_1_69' title='bbox 1093 1700 1207 1762; x_wconf 90' lang='lat' dir='ltr'><strong>est</strong></span> <span class='ocrx_word' id='word_1_70' title='bbox 1265 1688 1620 1763; x_wconf 89' lang='lat' dir='ltr'><strong>habitudo</strong></span> <span class='ocrx_word' id='word_1_71' title='bbox 1680 1688 2014 1784; x_wconf 85' lang='lat' dir='ltr'><strong>quaedam</strong></span> <span class='ocrx_word' id='word_1_72' title='bbox 2083 1714 2234 1763; x_wconf 91' lang='lat' dir='ltr'><strong>non</strong></span> <span class='ocrx_word' id='word_1_73' title='bbox 2298 1689 2611 1762; x_wconf 91' lang='lat' dir='ltr'><strong>duarum</strong></span> <span class='ocrx_word' id='word_1_74' title='bbox 2678 1691 2820 1764; x_wconf 88' lang='lat' dir='ltr'><strong>sed</strong></span> 
     </span>
     <span class='ocr_line' id='line_1_12' title="bbox 734 1802 2822 1899; baseline 0.001 -25"><span class='ocrx_word' id='word_1_75' title='bbox 734 1802 961 1875; x_wconf 91' lang='lat' dir='ltr'><strong>trium</strong></span> <span class='ocrx_word' id='word_1_76' title='bbox 993 1802 1605 1899; x_wconf 84' lang='lat' dir='ltr'><strong>magnitudinum.</strong></span> <span class='ocrx_word' id='word_1_77' title='bbox 1709 1803 1820 1877; x_wconf 90' lang='lat' dir='ltr'><strong>De</strong></span> <span class='ocrx_word' id='word_1_78' title='bbox 1856 1814 2165 1899; x_wconf 89' lang='lat' dir='ltr'><strong>utraque</strong></span> <span class='ocrx_word' id='word_1_79' title='bbox 2213 1802 2388 1877; x_wconf 83' lang='lat' dir='ltr'><strong>satis</strong></span> <span class='ocrx_word' id='word_1_80' title='bbox 2438 1803 2679 1877; x_wconf 86' lang='lat' dir='ltr'><strong>multa</strong></span> <span class='ocrx_word' id='word_1_81' title='bbox 2734 1817 2822 1877; x_wconf 89' lang='lat' dir='ltr'><strong>et</strong></span> 
     </span>
     <span class='ocr_line' id='line_1_13' title="bbox 734 1915 2820 2011; baseline 0.001 -24"><span class='ocrx_word' id='word_1_82' title='bbox 734 1915 1113 2011; x_wconf 90' lang='lat' dir='ltr'><strong>ingeniosa</strong></span> <span class='ocrx_word' id='word_1_83' title='bbox 1142 1916 1366 1988; x_wconf 88' lang='lat' dir='ltr'><strong>habet</strong></span> <span class='ocrx_word' id='word_1_84' title='bbox 1401 1916 1715 1989; x_wconf 86' lang='lat' dir='ltr'><strong>Clavius.</strong></span> <span class='ocrx_word' id='word_1_85' title='bbox 1819 1916 2038 1989; x_wconf 87' lang='lat' dir='ltr'><strong>Ratio</strong></span> <span class='ocrx_word' id='word_1_86' title='bbox 2074 1926 2320 1988; x_wconf 87' lang='lat' dir='ltr'><strong>antem</strong></span> <span class='ocrx_word' id='word_1_87' title='bbox 2345 1915 2820 1990; x_wconf 87' lang='lat' dir='ltr'><strong>arithmetica</strong></span> 
     </span>
     <span class='ocr_line' id='line_1_14' title="bbox 736 2027 2816 2125; baseline 0.001 -24"><span class='ocrx_word' id='word_1_88' title='bbox 736 2027 992 2101; x_wconf 89' lang='lat' dir='ltr'><strong>eadem</strong></span> <span class='ocrx_word' id='word_1_89' title='bbox 1039 2040 1173 2117; x_wconf 89' lang='lat' dir='ltr'><strong>est,</strong></span> <span class='ocrx_word' id='word_1_90' title='bbox 1209 2051 1376 2100; x_wconf 93' lang='lat' dir='ltr'><strong>cum</strong></span> <span class='ocrx_word' id='word_1_91' title='bbox 1434 2041 1711 2125; x_wconf 89' lang='lat' dir='ltr'><strong>quanto</strong></span> <span class='ocrx_word' id='word_1_92' title='bbox 1766 2028 2005 2125; x_wconf 90' lang='lat' dir='ltr'><strong>prima</strong></span> <span class='ocrx_word' id='word_1_93' title='bbox 2057 2040 2354 2125; x_wconf 89' lang='lat' dir='ltr'><strong>superat</strong></span> <span class='ocrx_word' id='word_1_94' title='bbox 2408 2030 2816 2103; x_wconf 87' lang='lat' dir='ltr'><strong>secundam</strong></span> 
     </span>
     <span class='ocr_line' id='line_1_15' title="bbox 735 2140 2816 2237; baseline 0.001 -25"><span class='ocrx_word' id='word_1_95' title='bbox 735 2141 851 2215; x_wconf 87' lang='lat' dir='ltr'><strong>vel</strong></span> <span class='ocrx_word' id='word_1_96' title='bbox 882 2142 976 2214; x_wconf 89' lang='lat' dir='ltr'><strong>ab</strong></span> <span class='ocrx_word' id='word_1_97' title='bbox 1011 2165 1098 2214; x_wconf 89' lang='lat' dir='ltr'><strong>ea</strong></span> <span class='ocrx_word' id='word_1_98' title='bbox 1130 2153 1536 2237; x_wconf 88' lang='lat' dir='ltr'><strong>superatur,</strong></span> <span class='ocrx_word' id='word_1_99' title='bbox 1570 2152 1780 2214; x_wconf 87' lang='lat' dir='ltr'><strong>tanto</strong></span> <span class='ocrx_word' id='word_1_100' title='bbox 1815 2140 2139 2214; x_wconf 85' lang='lat' dir='ltr'><strong>secunda</strong></span> <span class='ocrx_word' id='word_1_101' title='bbox 2171 2154 2468 2237; x_wconf 88' lang='lat' dir='ltr'><strong>superat</strong></span> <span class='ocrx_word' id='word_1_102' title='bbox 2510 2143 2816 2215; x_wconf 86' lang='lat' dir='ltr'><strong>tertiam</strong></span> 
     </span>
     <span class='ocr_line' id='line_1_16' title="bbox 736 2254 2814 2351; baseline 0 -24"><span class='ocrx_word' id='word_1_103' title='bbox 736 2254 853 2327; x_wconf 86' lang='lat' dir='ltr'><strong>vel</strong></span> <span class='ocrx_word' id='word_1_104' title='bbox 886 2255 979 2327; x_wconf 88' lang='lat' dir='ltr'><strong>ab</strong></span> <span class='ocrx_word' id='word_1_105' title='bbox 1018 2278 1106 2327; x_wconf 91' lang='lat' dir='ltr'><strong>ea</strong></span> <span class='ocrx_word' id='word_1_106' title='bbox 1139 2267 1547 2351; x_wconf 86' lang='lat' dir='ltr'><strong>superatur.</strong></span> <span class='ocrx_word' id='word_1_107' title='bbox 1653 2254 1801 2328; x_wconf 88' lang='lat' dir='ltr'><strong>Sed</strong></span> <span class='ocrx_word' id='word_1_108' title='bbox 1833 2254 2021 2327; x_wconf 89' lang='lat' dir='ltr'><strong>ratio</strong></span> <span class='ocrx_word' id='word_1_109' title='bbox 2068 2256 2498 2328; x_wconf 89' lang='lat' dir='ltr'><strong>harmonica</strong></span> <span class='ocrx_word' id='word_1_110' title='bbox 2549 2255 2814 2329; x_wconf 88' lang='lat' dir='ltr'><strong>eadem</strong></span> 
     </span>
     <span class='ocr_line' id='line_1_17' title="bbox 737 2368 2815 2464; baseline 0 -24"><span class='ocrx_word' id='word_1_111' title='bbox 737 2379 872 2457; x_wconf 91' lang='lat' dir='ltr'><strong>est,</strong></span> <span class='ocrx_word' id='word_1_112' title='bbox 910 2368 1201 2464; x_wconf 85' lang='lat' dir='ltr'><strong>quando</strong></span> <span class='ocrx_word' id='word_1_113' title='bbox 1237 2379 1584 2441; x_wconf 82' lang='lat' dir='ltr'><strong>extremae</strong></span> <span class='ocrx_word' id='word_1_114' title='bbox 1619 2379 1791 2442; x_wconf 90' lang='lat' dir='ltr'><strong>sunt</strong></span> <span class='ocrx_word' id='word_1_115' title='bbox 1822 2368 2021 2441; x_wconf 84' lang='lat' dir='ltr'><strong>inter</strong></span> <span class='ocrx_word' id='word_1_116' title='bbox 2065 2391 2144 2440; x_wconf 90' lang='lat' dir='ltr'><strong>se</strong></span> <span class='ocrx_word' id='word_1_117' title='bbox 2176 2380 2263 2442; x_wconf 93' lang='lat' dir='ltr'><strong>ut</strong></span> <span class='ocrx_word' id='word_1_118' title='bbox 2296 2368 2726 2443; x_wconf 61' lang='lat' dir='ltr'><strong>differentiae</strong></span> <span class='ocrx_word' id='word_1_119' title='bbox 2761 2393 2815 2441; x_wconf 87' lang='lat' dir='ltr'><strong>a</strong></span> 
     </span>
     <span class='ocr_line' id='line_1_18' title="bbox 737 2481 2810 2579; baseline 0.001 -27"><span class='ocrx_word' id='word_1_120' title='bbox 737 2481 979 2554; x_wconf 88' lang='lat' dir='ltr'><strong>media</strong></span> <span class='ocrx_word' id='word_1_121' title='bbox 1011 2491 1345 2578; x_wconf 78' lang='lat' dir='ltr'><strong>sumptae,</strong></span> <span class='ocrx_word' id='word_1_122' title='bbox 1379 2483 1616 2579; x_wconf 87' lang='lat' dir='ltr'><strong>major</strong></span> <span class='ocrx_word' id='word_1_123' title='bbox 1668 2495 1997 2555; x_wconf 84' lang='lat' dir='ltr'><strong>extrema</strong></span> <span class='ocrx_word' id='word_1_124' title='bbox 2047 2481 2146 2555; x_wconf 87' lang='lat' dir='ltr'><strong>ad</strong></span> <span class='ocrx_word' id='word_1_125' title='bbox 2197 2484 2553 2579; x_wconf 90' lang='lat' dir='ltr'><strong>majorem</strong></span> <span class='ocrx_word' id='word_1_126' title='bbox 2599 2483 2810 2557; x_wconf 88' lang='lat' dir='ltr'><strong>diffe-</strong></span> 
     </span>
     <span class='ocr_line' id='line_1_19' title="bbox 737 2593 2000 2683; baseline 0.002 -16"><span class='ocrx_word' id='word_1_127' title='bbox 737 2596 1076 2683; x_wconf 89' lang='lat' dir='ltr'><strong>rentiam,</strong></span> <span class='ocrx_word' id='word_1_128' title='bbox 1112 2606 1187 2667; x_wconf 90' lang='lat' dir='ltr'><strong>et</strong></span> <span class='ocrx_word' id='word_1_129' title='bbox 1222 2593 1459 2667; x_wconf 91' lang='lat' dir='ltr'><strong>minor</strong></span> <span class='ocrx_word' id='word_1_130' title='bbox 1491 2594 1587 2667; x_wconf 91' lang='lat' dir='ltr'><strong>ad</strong></span> <span class='ocrx_word' id='word_1_131' title='bbox 1620 2596 2000 2669; x_wconf 91' lang='lat' dir='ltr'><strong>minorem.</strong></span> 
     </span>
    </p>

    <p class='ocr_par' dir='ltr' id='par_1_5' title="bbox 723 2704 2813 3596">
     <span class='ocr_line' id='line_1_20' title="bbox 836 2704 2810 2804; baseline 0.002 -25"><span class='ocrx_word' id='word_1_132' title='bbox 836 2708 1155 2779; x_wconf 89' lang='lat' dir='ltr'><strong>Putasne</strong></span> <span class='ocrx_word' id='word_1_133' title='bbox 1206 2706 1284 2779; x_wconf 91' lang='lat' dir='ltr'><strong>in</strong></span> <span class='ocrx_word' id='word_1_134' title='bbox 1334 2704 1498 2780; x_wconf 87' lang='lat' dir='ltr'><strong>aliis</strong></span> <span class='ocrx_word' id='word_1_135' title='bbox 1552 2707 1874 2781; x_wconf 84' lang='lat' dir='ltr'><strong>scientiis</strong></span> <span class='ocrx_word' id='word_1_136' title='bbox 1909 2709 2143 2803; x_wconf 90' lang='lat' dir='ltr'><strong>majus</strong></span> <span class='ocrx_word' id='word_1_137' title='bbox 2175 2720 2561 2804; x_wconf 90' lang='lat' dir='ltr'><strong>peccatum</strong></span> <span class='ocrx_word' id='word_1_138' title='bbox 2604 2709 2810 2782; x_wconf 84' lang='lat' dir='ltr'><strong>inve-</strong></span> 
     </span>
     <span class='ocr_line' id='line_1_21' title="bbox 736 2818 2813 2918; baseline 0.001 -26"><span class='ocrx_word' id='word_1_139' title='bbox 736 2818 881 2892; x_wconf 89' lang='lat' dir='ltr'><strong>niri</strong></span> <span class='ocrx_word' id='word_1_140' title='bbox 913 2842 1153 2915; x_wconf 89' lang='lat' dir='ltr'><strong>posse,</strong></span> <span class='ocrx_word' id='word_1_141' title='bbox 1190 2843 1406 2915; x_wconf 87' lang='lat' dir='ltr'><strong>quam</strong></span> <span class='ocrx_word' id='word_1_142' title='bbox 1442 2830 1556 2893; x_wconf 91' lang='lat' dir='ltr'><strong>est</strong></span> <span class='ocrx_word' id='word_1_143' title='bbox 1589 2820 1667 2892; x_wconf 90' lang='lat' dir='ltr'><strong>in</strong></span> <span class='ocrx_word' id='word_1_144' title='bbox 1698 2822 2102 2916; x_wconf 84' lang='lat' dir='ltr'><strong>geometria</strong></span> <span class='ocrx_word' id='word_1_145' title='bbox 2133 2845 2284 2894; x_wconf 88' lang='lat' dir='ltr'><strong>non</strong></span> <span class='ocrx_word' id='word_1_146' title='bbox 2329 2834 2532 2895; x_wconf 91' lang='lat' dir='ltr'><strong>recte</strong></span> <span class='ocrx_word' id='word_1_147' title='bbox 2579 2823 2813 2918; x_wconf 84' lang='lat' dir='ltr'><strong>expli-</strong></span> 
     </span>
     <span class='ocr_line' id='line_1_22' title="bbox 739 2933 2809 3031; baseline 0.001 -26"><span class='ocrx_word' id='word_1_148' title='bbox 739 2956 940 3006; x_wconf 86' lang='lat' dir='ltr'><strong>casse</strong></span> <span class='ocrx_word' id='word_1_149' title='bbox 1021 2933 1201 3029; x_wconf 90' lang='lat' dir='ltr'><strong>quid</strong></span> <span class='ocrx_word' id='word_1_150' title='bbox 1283 2933 1377 3007; x_wconf 91' lang='lat' dir='ltr'><strong>sit</strong></span> <span class='ocrx_word' id='word_1_151' title='bbox 1448 2933 1690 3007; x_wconf 82' lang='lat' dir='ltr'><strong>ratio?</strong></span> <span class='ocrx_word' id='word_1_152' title='bbox 1856 2934 2040 3009; x_wconf 75' lang='lat' dir='ltr'><strong>Quis</strong></span> <span class='ocrx_word' id='word_1_153' title='bbox 2126 2935 2440 3031; x_wconf 87' lang='lat' dir='ltr'><strong>scriptor</strong></span> <span class='ocrx_word' id='word_1_154' title='bbox 2525 2935 2809 3009; x_wconf 88' lang='lat' dir='ltr'><strong>ethicus</strong></span> 
     </span>
     <span class='ocr_line' id='line_1_23' title="bbox 737 3046 2806 3146; baseline 0.001 -27"><span class='ocrx_word' id='word_1_155' title='bbox 737 3069 912 3120; x_wconf 89' lang='lat' dir='ltr'><strong>usus</strong></span> <span class='ocrx_word' id='word_1_156' title='bbox 965 3060 1076 3121; x_wconf 91' lang='lat' dir='ltr'><strong>est</strong></span> <span class='ocrx_word' id='word_1_157' title='bbox 1131 3047 1554 3122; x_wconf 88' lang='lat' dir='ltr'><strong>definitione</strong></span> <span class='ocrx_word' id='word_1_158' title='bbox 1607 3046 1776 3120; x_wconf 80' lang='lat' dir='ltr'><strong>bom·</strong></span> <span class='ocrx_word' id='word_1_159' title='bbox 1831 3071 1981 3121; x_wconf 88' lang='lat' dir='ltr'><strong>non</strong></span> <span class='ocrx_word' id='word_1_160' title='bbox 2041 3049 2257 3138; x_wconf 91' lang='lat' dir='ltr'><strong>bona,</strong></span> <span class='ocrx_word' id='word_1_161' title='bbox 2304 3049 2419 3121; x_wconf 84' lang='lat' dir='ltr'><strong>vel</strong></span> <span class='ocrx_word' id='word_1_162' title='bbox 2465 3049 2806 3146; x_wconf 88' lang='lat' dir='ltr'><strong>politicus</strong></span> 
     </span>
     <span class='ocr_line' id='line_1_24' title="bbox 741 3160 2804 3258; baseline 0.002 -26"><span class='ocrx_word' id='word_1_163' title='bbox 741 3160 1160 3235; x_wconf 89' lang='lat' dir='ltr'><strong>definitione</strong></span> <span class='ocrx_word' id='word_1_164' title='bbox 1175 3163 1382 3258; x_wconf 70' lang='lat' dir='ltr'><strong>juris</strong></span> <span class='ocrx_word' id='word_1_165' title='bbox 1416 3160 1728 3235; x_wconf 81' lang='lat' dir='ltr'><strong>vitiosa?</strong></span> <span class='ocrx_word' id='word_1_166' title='bbox 1830 3163 2178 3236; x_wconf 89' lang='lat' dir='ltr'><strong>Attamen</strong></span> <span class='ocrx_word' id='word_1_167' title='bbox 2215 3163 2541 3258; x_wconf 90' lang='lat' dir='ltr'><strong>ejusdem</strong></span> <span class='ocrx_word' id='word_1_168' title='bbox 2586 3175 2697 3235; x_wconf 89' lang='lat' dir='ltr'><strong>est</strong></span> <span class='ocrx_word' id='word_1_169' title='bbox 2730 3164 2804 3236; x_wconf 91' lang='lat' dir='ltr'><strong>in</strong></span> 
     </span>
     <span class='ocr_line' id='line_1_25' title="bbox 738 3274 2803 3374; baseline 0.002 -29"><span class='ocrx_word' id='word_1_170' title='bbox 738 3276 1146 3369; x_wconf 85' lang='lat' dir='ltr'><strong>geometria</strong></span> <span class='ocrx_word' id='word_1_171' title='bbox 1165 3277 1526 3350; x_wconf 88' lang='lat' dir='ltr'><strong>momenti</strong></span> <span class='ocrx_word' id='word_1_172' title='bbox 1575 3274 1900 3349; x_wconf 89' lang='lat' dir='ltr'><strong>definitio</strong></span> <span class='ocrx_word' id='word_1_173' title='bbox 1955 3277 2261 3350; x_wconf 86' lang='lat' dir='ltr'><strong>rationis</strong></span> <span class='ocrx_word' id='word_1_174' title='bbox 2315 3280 2522 3374; x_wconf 89' lang='lat' dir='ltr'><strong>cujus</strong></span> <span class='ocrx_word' id='word_1_175' title='bbox 2570 3288 2681 3350; x_wconf 90' lang='lat' dir='ltr'><strong>est</strong></span> <span class='ocrx_word' id='word_1_176' title='bbox 2727 3277 2803 3350; x_wconf 90' lang='lat' dir='ltr'><strong>in</strong></span> 
     </span>
     <span class='ocr_line' id='line_1_26' title="bbox 742 3386 2803 3486; baseline 0.003 -28"><span class='ocrx_word' id='word_1_177' title='bbox 742 3386 1074 3460; x_wconf 86' lang='lat' dir='ltr'><strong>doctrina</strong></span> <span class='ocrx_word' id='word_1_178' title='bbox 1101 3389 1340 3462; x_wconf 91' lang='lat' dir='ltr'><strong>ethica</strong></span> <span class='ocrx_word' id='word_1_179' title='bbox 1369 3388 1698 3462; x_wconf 90' lang='lat' dir='ltr'><strong>definitio</strong></span> <span class='ocrx_word' id='word_1_180' title='bbox 1728 3387 1917 3478; x_wconf 80' lang='lat' dir='ltr'><strong>boni,</strong></span> <span class='ocrx_word' id='word_1_181' title='bbox 1946 3400 2023 3462; x_wconf 90' lang='lat' dir='ltr'><strong>et</strong></span> <span class='ocrx_word' id='word_1_182' title='bbox 2054 3390 2130 3462; x_wconf 92' lang='lat' dir='ltr'><strong>in</strong></span> <span class='ocrx_word' id='word_1_183' title='bbox 2155 3389 2459 3486; x_wconf 86' lang='lat' dir='ltr'><strong>politica</strong></span> <span class='ocrx_word' id='word_1_184' title='bbox 2480 3389 2803 3464; x_wconf 89' lang='lat' dir='ltr'><strong>definitio</strong></span> 
     </span>
     <span class='ocr_line' id='line_1_27' title="bbox 723 3500 988 3596; baseline 0.004 -24"><span class='ocrx_word' id='word_1_185' title='bbox 723 3500 933 3596; x_wconf 71' lang='lat' dir='ltr'><strong>juris</strong></span> <span class='ocrx_word' id='word_1_186' title='bbox 956 3507 988 3573; x_wconf 74' lang='grc' dir='ltr'><em>Ι</em></span> 
     </span>
    </p>

    <p class='ocr_par' dir='ltr' id='par_1_6' title="bbox 740 3612 2804 4391">
     <span class='ocr_line' id='line_1_28' title="bbox 839 3612 2803 3713; baseline 0.001 -26"><span class='ocrx_word' id='word_1_187' title='bbox 839 3612 1147 3702; x_wconf 90' lang='lat' dir='ltr'><strong>Deinde,</strong></span> <span class='ocrx_word' id='word_1_188' title='bbox 1184 3615 1381 3710; x_wconf 92' lang='lat' dir='ltr'><strong>quod</strong></span> <span class='ocrx_word' id='word_1_189' title='bbox 1427 3614 1608 3689; x_wconf 90' lang='lat' dir='ltr'><strong>dicit</strong></span> <span class='ocrx_word' id='word_1_190' title='bbox 1654 3614 1967 3705; x_wconf 87' lang='lat' dir='ltr'><strong>Clavius,</strong></span> <span class='ocrx_word' id='word_1_191' title='bbox 2003 3616 2556 3713; x_wconf 89' lang='lat' dir='ltr'><strong>proportionem</strong></span> <span class='ocrx_word' id='word_1_192' title='bbox 2608 3615 2803 3689; x_wconf 89' lang='lat' dir='ltr'><strong>illam</strong></span> 
     </span>
     <span class='ocr_line' id='line_1_29' title="bbox 742 3727 2804 3824; baseline 0 -22"><span class='ocrx_word' id='word_1_193' title='bbox 742 3728 819 3802; x_wconf 91' lang='lat' dir='ltr'><strong>in</strong></span> <span class='ocrx_word' id='word_1_194' title='bbox 864 3727 1098 3801; x_wconf 90' lang='lat' dir='ltr'><strong>tribus</strong></span> <span class='ocrx_word' id='word_1_195' title='bbox 1142 3728 1487 3818; x_wconf 79' lang='lat' dir='ltr'><strong>numeriS,</strong></span> <span class='ocrx_word' id='word_1_196' title='bbox 1540 3729 1667 3803; x_wconf 92' lang='lat' dir='ltr'><strong>ubi</strong></span> <span class='ocrx_word' id='word_1_197' title='bbox 1717 3730 1951 3824; x_wconf 86' lang='lat' dir='ltr'><strong>major</strong></span> <span class='ocrx_word' id='word_1_198' title='bbox 1999 3741 2492 3803; x_wconf 81' lang='lat' dir='ltr'><strong>extremorum</strong></span> <span class='ocrx_word' id='word_1_199' title='bbox 2549 3741 2662 3802; x_wconf 87' lang='lat' dir='ltr'><strong>est</strong></span> <span class='ocrx_word' id='word_1_200' title='bbox 2713 3728 2804 3802; x_wconf 88' lang='lat' dir='ltr'><strong>ad</strong></span> 
     </span>
     <span class='ocr_line' id='line_1_30' title="bbox 744 3840 2803 3938; baseline 0 -24"><span class='ocrx_word' id='word_1_201' title='bbox 744 3841 1103 3916; x_wconf 90' lang='lat' dir='ltr'><strong>minorem</strong></span> <span class='ocrx_word' id='word_1_202' title='bbox 1134 3851 1222 3914; x_wconf 90' lang='lat' dir='ltr'><strong>ut</strong></span> <span class='ocrx_word' id='word_1_203' title='bbox 1270 3840 1681 3916; x_wconf 88' lang='lat' dir='ltr'><strong>differentia</strong></span> <span class='ocrx_word' id='word_1_204' title='bbox 1726 3843 2023 3938; x_wconf 90' lang='lat' dir='ltr'><strong>majoris</strong></span> <span class='ocrx_word' id='word_1_205' title='bbox 2058 3855 2136 3917; x_wconf 97' lang='lat' dir='ltr'><strong>et</strong></span> <span class='ocrx_word' id='word_1_206' title='bbox 2184 3842 2408 3916; x_wconf 91' lang='lat' dir='ltr'><strong>medii</strong></span> <span class='ocrx_word' id='word_1_207' title='bbox 2459 3843 2551 3916; x_wconf 92' lang='lat' dir='ltr'><strong>ad</strong></span> <span class='ocrx_word' id='word_1_208' title='bbox 2607 3842 2803 3915; x_wconf 88' lang='lat' dir='ltr'><strong>diffe-</strong></span> 
     </span>
     <span class='ocr_line' id='line_1_31' title="bbox 741 3953 2800 4045; baseline 0 -17"><span class='ocrx_word' id='word_1_209' title='bbox 741 3956 1053 4028; x_wconf 86' lang='lat' dir='ltr'><strong>rentiam</strong></span> <span class='ocrx_word' id='word_1_210' title='bbox 1090 3953 1310 4027; x_wconf 91' lang='lat' dir='ltr'><strong>medii</strong></span> <span class='ocrx_word' id='word_1_211' title='bbox 1345 3965 1421 4028; x_wconf 90' lang='lat' dir='ltr'><strong>et</strong></span> <span class='ocrx_word' id='word_1_212' title='bbox 1444 3955 1770 4045; x_wconf 77' lang='lat' dir='ltr'><strong>minoriS,</strong></span> <span class='ocrx_word' id='word_1_213' title='bbox 1808 3978 1963 4028; x_wconf 90' lang='lat' dir='ltr'><strong>esse</strong></span> <span class='ocrx_word' id='word_1_214' title='bbox 1984 3956 2334 4029; x_wconf 89' lang='lat' dir='ltr'><strong>musicam</strong></span> <span class='ocrx_word' id='word_1_215' title='bbox 2363 3979 2492 4029; x_wconf 88' lang='lat' dir='ltr'><strong>seu</strong></span> <span class='ocrx_word' id='word_1_216' title='bbox 2525 3957 2800 4029; x_wconf 87' lang='lat' dir='ltr'><strong>harmo-</strong></span> 
     </span>
     <span class='ocr_line' id='line_1_32' title="bbox 741 4066 2801 4165; baseline -0 -24"><span class='ocrx_word' id='word_1_217' title='bbox 741 4069 1020 4142; x_wconf 88' lang='lat' dir='ltr'><strong>nicam:</strong></span> <span class='ocrx_word' id='word_1_218' title='bbox 1071 4077 1345 4141; x_wconf 87' lang='lat' dir='ltr'><strong>temere</strong></span> <span class='ocrx_word' id='word_1_219' title='bbox 1381 4066 1660 4140; x_wconf 85' lang='lat' dir='ltr'><strong>dictum</strong></span> <span class='ocrx_word' id='word_1_220' title='bbox 1694 4078 1830 4141; x_wconf 90' lang='lat' dir='ltr'><strong>est.</strong></span> <span class='ocrx_word' id='word_1_221' title='bbox 1899 4072 1947 4106; x_wconf 78' lang='lat'><strong>‘⁶</strong></span> <span class='ocrx_word' id='word_1_222' title='bbox 1975 4068 2064 4141; x_wconf 92' lang='lat' dir='ltr'><strong>In</strong></span> <span class='ocrx_word' id='word_1_223' title='bbox 2096 4068 2282 4157; x_wconf 87' lang='lat' dir='ltr'><strong>his’&#39;,</strong></span> <span class='ocrx_word' id='word_1_224' title='bbox 2316 4069 2575 4165; x_wconf 89' lang='lat' dir='ltr'><strong>inquit,</strong></span> <span class='ocrx_word' id='word_1_225' title='bbox 2612 4073 2657 4107; x_wconf 88' lang='lat'><strong>“</strong></span> <span class='ocrx_word' id='word_1_226' title='bbox 2679 4091 2801 4140; x_wconf 91' lang='lat' dir='ltr'><strong>nu-</strong></span> 
     </span>
     <span class='ocr_line' id='line_1_33' title="bbox 740 4179 2800 4270; baseline -0 -16"><span class='ocrx_word' id='word_1_227' title='bbox 740 4181 961 4254; x_wconf 90' lang='lat' dir='ltr'><strong>meris</strong></span> <span class='ocrx_word' id='word_1_228' title='bbox 1006 4190 1076 4253; x_wconf 90' lang='lat'><strong>6.</strong></span> <span class='ocrx_word' id='word_1_229' title='bbox 1109 4190 1181 4254; x_wconf 88' lang='lat'><strong>4.</strong></span> <span class='ocrx_word' id='word_1_230' title='bbox 1206 4190 1275 4268; x_wconf 85' lang='lat'><strong>3,</strong></span> <span class='ocrx_word' id='word_1_231' title='bbox 1314 4191 1425 4254; x_wconf 91' lang='lat' dir='ltr'><strong>est</strong></span> <span class='ocrx_word' id='word_1_232' title='bbox 1467 4191 1553 4253; x_wconf 90' lang='lat' dir='ltr'><strong>ut</strong></span> <span class='ocrx_word' id='word_1_233' title='bbox 1597 4188 1643 4253; x_wconf 91' lang='lat'>6</span> <span class='ocrx_word' id='word_1_234' title='bbox 1679 4179 1774 4254; x_wconf 88' lang='lat' dir='ltr'><strong>ad</strong></span> <span class='ocrx_word' id='word_1_235' title='bbox 1811 4189 1880 4269; x_wconf 90' lang='lat'><strong>3,</strong></span> <span class='ocrx_word' id='word_1_236' title='bbox 1915 4180 2021 4254; x_wconf 89' lang='lat' dir='ltr'><strong>ita</strong></span> <span class='ocrx_word' id='word_1_237' title='bbox 2056 4191 2126 4270; x_wconf 86' lang='lat'><strong>2,</strong></span> <span class='ocrx_word' id='word_1_238' title='bbox 2164 4179 2573 4255; x_wconf 87' lang='lat' dir='ltr'><strong>differentia</strong></span> <span class='ocrx_word' id='word_1_239' title='bbox 2628 4181 2800 4254; x_wconf 89' lang='lat' dir='ltr'><strong>duo-</strong></span> 
     </span>
     <span class='ocr_line' id='line_1_34' title="bbox 743 4293 2797 4391; baseline 0 -24"><span class='ocrx_word' id='word_1_240' title='bbox 743 4318 905 4367; x_wconf 92' lang='lat' dir='ltr'><strong>rum</strong></span> <span class='ocrx_word' id='word_1_241' title='bbox 940 4295 1322 4391; x_wconf 89' lang='lat' dir='ltr'><strong>majorum,</strong></span> <span class='ocrx_word' id='word_1_242' title='bbox 1344 4293 1439 4367; x_wconf 90' lang='lat' dir='ltr'><strong>ad</strong></span> <span class='ocrx_word' id='word_1_243' title='bbox 1474 4302 1535 4384; x_wconf 89' lang='lat' dir='ltr'><strong>l,</strong></span> <span class='ocrx_word' id='word_1_244' title='bbox 1566 4293 2053 4368; x_wconf 84' lang='lat' dir='ltr'><strong>differentiam</strong></span> <span class='ocrx_word' id='word_1_245' title='bbox 2082 4294 2391 4368; x_wconf 89' lang='lat' dir='ltr'><strong>duorum</strong></span> <span class='ocrx_word' id='word_1_246' title='bbox 2418 4294 2797 4368; x_wconf 90' lang='lat' dir='ltr'><strong>minorum.</strong></span> 
     </span>
    </p>
   </div>
   <div class='ocr_carea' id='block_1_3' title="bbox 747 4406 2799 4484">
    <p class='ocr_par' dir='ltr' id='par_1_7' title="bbox 747 4406 2799 4484">
     <span class='ocr_line' id='line_1_35' title="bbox 747 4406 2799 4484; baseline -0 -3"><span class='ocrx_word' id='word_1_247' title='bbox 747 4406 1112 4482; x_wconf 75' lang='lat' dir='ltr'><strong>Quoniam</strong></span> <span class='ocrx_word' id='word_1_248' title='bbox 1172 4419 1416 4480; x_wconf 91' lang='lat' dir='ltr'><strong>autem</strong></span> <span class='ocrx_word' id='word_1_249' title='bbox 1451 4414 1497 4480; x_wconf 89' lang='lat'><strong>6</strong></span> <span class='ocrx_word' id='word_1_250' title='bbox 1534 4419 1612 4481; x_wconf 93' lang='lat' dir='ltr'><strong>et</strong></span> <span class='ocrx_word' id='word_1_251' title='bbox 1646 4417 1690 4482; x_wconf 90' lang='lat'><strong>3</strong></span> <span class='ocrx_word' id='word_1_252' title='bbox 1727 4407 2005 4482; x_wconf 87' lang='lat' dir='ltr'><strong>faciunt</strong></span> <span class='ocrx_word' id='word_1_253' title='bbox 2047 4408 2596 4484; x_wconf 88' lang='lat' dir='ltr'><strong>consonantiam</strong></span> <span class='ocrx_word' id='word_1_254' title='bbox 2653 4406 2799 4481; x_wconf 84' lang='lat' dir='ltr'><strong>dia-</strong></span> 
     </span>
    </p>
   </div>
  </div>
 </body>
</html>
