3094 5125
1157 511 1264 563 nn
1304 511 1643 566 NATURA
1682 512 1955 566 AERIS.
2443 506 2591 571 259

597 675 696 749 B.
751 676 867 749 Ita
917 676 1251 764 videtur;
1315 704 1454 754 nec
1513 682 1750 756 habeo
1820 682 2021 780 quod
2078 684 2585 780 respondeam.

498 788 732 885 Pergo
785 790 1012 885 igitur
1066 790 1162 865 ad
1215 794 1737 890 experimenta.
1841 796 1981 869 Per
2034 796 2346 869 eandem
2401 800 2586 873 reci-

493 904 870 997 procantis
923 906 1234 979 suctoris
1294 931 1619 1003 operam,
1674 908 1900 981 etiam
1960 908 2329 1002 animalia,
2391 912 2453 985 si
2508 914 2587 987 in

494 1015 891 1111 recipiente
977 1018 1536 1109 concludantur,
1605 1033 1983 1118 tamquam
2069 1037 2336 1097 exucto
2417 1050 2586 1101 aere

495 1128 691 1202 intra
736 1129 881 1202 duo
921 1131 1034 1203 vel
1081 1132 1226 1205 tria
1271 1133 1558 1206 minuta
1604 1135 1807 1209 horae
1853 1136 2304 1209 morientur:
2360 1140 2584 1234 quod,

495 1265 842 1315 concesso
876 1267 1133 1332 vacuo,
1156 1246 1576 1320 mirandum
1610 1271 1759 1321 non
1794 1262 1950 1335 est3
2004 1261 2301 1347 negato,
2332 1252 2583 1325 nescio

495 1356 865 1451 quomodo
902 1358 1194 1431 evenire
1228 1371 1493 1455 potest.

591 1470 692 1543 A.
747 1470 1045 1544 Credin'
1085 1487 1167 1545 tu
1202 1474 1547 1548 animalia
1581 1474 1722 1549 ista
1760 1485 1914 1549 tam
1949 1476 2099 1549 cito
2136 1476 2583 1573 interempta

492 1605 673 1671 esse,
710 1607 797 1657 eo
833 1584 1034 1681 quod
1066 1600 1403 1660 carerent
1449 1587 1670 1660 aere?
1777 1588 2168 1662 Quomodo
2220 1612 2397 1686 ergo
2446 1591 2583 1664 sub

489 1720 754 1793 aquam
793 1698 1051 1772 vivunt
1095 1700 1537 1789 urinatoreS,
1575 1724 1884 1797 quorum
1939 1702 2188 1798 aliqui,
2230 1703 2502 1775 assueti
2537 1727 2583 1776 a

487 1812 826 1908 pueritia,
870 1836 1170 1886 caruere
1216 1837 1385 1887 aere
1435 1838 1569 1911 per
1621 1815 1878 1888 horam
1934 1817 2353 1911 integram?
2459 1818 2581 1891 In-

490 1925 693 1998 clusa
725 1925 802 1997 in
839 1926 1238 2023 recipiente
1273 1927 1619 2001 animalia
1652 1928 1924 2001 occidit
1953 1941 2198 2001 motus
2227 1928 2348 2000 ille
2383 1928 2580 2002 idem

486 2039 1191 2126 vehementissimuS,
1229 2065 1374 2138 quo
1421 2041 1948 2115 distenduntur
1989 2053 2578 2138 rumpunturque

486 2153 788 2227 inclusae
821 2153 1108 2227 vesicae.

589 2266 687 2341 B.
711 2267 1026 2341 Discedo
1039 2268 1306 2341 iterum
1320 2293 1363 2341 a
1374 2268 1738 2357 machina,
1754 2279 1831 2341 et
1843 2290 2139 2341 causam
2153 2289 2404 2365 quaero
2417 2267 2577 2340 noti

487 2380 825 2454 omnibus
854 2382 1361 2477 experimenti.
1417 2382 1494 2455 Si
1527 2381 1692 2479 quis
1723 2382 2017 2479 phialae,
2040 2381 2241 2454 omni
2268 2403 2577 2475 corpore

482 2503 755 2589 praeter
804 2517 1049 2567 aerem
1108 2518 1384 2584 vacuae,
1447 2518 1527 2569 os
1583 2505 1920 2592 apertum
1979 2493 2191 2567 labiis
2250 2490 2575 2590 undique

484 2617 685 2680 arcte
722 2609 1242 2704 complectenS,
1276 2632 1522 2682 aerem
1559 2609 1760 2682 intus
1795 2618 2227 2681 contentum
2263 2619 2575 2680 conetur

484 2742 825 2817 exugere,
854 2721 1114 2817 primo,
1142 2723 1346 2795 labra
1372 2721 1543 2794 inde
1573 2721 1964 2794 difficulter
1991 2719 2239 2792 revelli
2266 2719 2570 2803 sentiet;

484 2832 774 2924 deinde,
811 2834 872 2907 si
908 2834 1174 2931 phialae
1210 2836 1520 2908 inversae
1557 2857 1637 2907 os
1686 2834 1763 2907 in
1810 2857 2073 2930 aquam
2108 2832 2573 2928 quantulam-

481 2972 773 3046 cunque
807 2949 1219 3045 immergat,
1247 2948 1527 3022 videbit
1555 2971 1821 3043 aquam
1851 2947 1926 3019 in
1963 2946 2284 3042 phialam
2318 2968 2569 3017 ascen-

485 3061 658 3135 dere
705 3062 923 3135 altius
970 3086 1189 3158 quam
1249 3072 1364 3134 est
1425 3062 1776 3157 subJectae
1843 3082 2055 3156 aquae
2123 3058 2567 3154 superficies,

485 3175 757 3250 Quaero
813 3199 946 3249 cur
1001 3199 1194 3272 aqua
1251 3185 1513 3248 contra
1555 3186 1897 3246 naturam
1954 3196 2162 3244 suam
2208 3172 2565 3261 ascendit,

480 3299 969 3385 praeterquam
1023 3299 1109 3361 ut
1167 3288 1483 3384 spatium
1543 3285 1869 3382 impleat,
1925 3284 2125 3381 quod
2183 3283 2259 3356 in
2321 3284 2568 3380 phiala

480 3400 755 3475 factum
791 3412 974 3490 erat,
1011 3400 1368 3497 sugendo,
1402 3422 1714 3473 vacuum
1746 3398 1771 3470 ?

581 3514 680 3588 A.
732 3515 966 3588 Vacui
1015 3515 1197 3610 fuga
1256 3538 1477 3588 causa
1533 3513 1642 3586 rei
1697 3531 1854 3585 esse
1907 3535 2055 3584 non
2111 3521 2381 3607 potest.
2488 3511 2567 3584 Si

479 3651 724 3701 aerem
752 3629 1144 3718 exuxisset,
1170 3642 1301 3702 aut
1335 3652 1461 3701 aer
1494 3628 1705 3716 aliuS,
1732 3627 1909 3700 dum
1932 3625 2253 3722 phialam
2280 3649 2326 3698 a
2351 3625 2564 3697 labiis

478 3741 575 3814 ad
608 3765 876 3838 aquam
909 3742 1458 3831 transferrebat,
1493 3741 1866 3837 ingressus
1899 3752 2092 3813 esset
2120 3770 2139 3823 ;
2201 3750 2329 3811 aut
2361 3751 2564 3832 post-

479 3877 700 3950 quam
734 3855 1252 3944 transtulisset,
1289 3878 1484 3951 aqua
1514 3855 1847 3951 ingressa
1878 3877 2029 3926 non
2063 3863 2282 3925 esset.
2357 3851 2564 3922 Faci-

476 3967 617 4041 lius
684 3968 881 4041 enim
940 3967 1274 4041 ascendit
1332 3991 1527 4065 aqua
1585 3991 1805 4063 quam
1859 3990 2007 4039 aer.
2113 3961 2316 4041 Quid
2384 3985 2563 4059 ergo

478 4081 720 4155 effecit
788 4094 873 4156 ut
936 4106 1130 4178 aqua
1195 4082 1678 4155 ascenderet?
1819 4081 2141 4153 Conatus
2208 4076 2397 4149 aeris
2467 4075 2565 4149 ad

477 4195 755 4269 exitum
791 4218 832 4267 e
865 4196 1131 4291 phiala.
1202 4196 1422 4271 Quod
1457 4195 1564 4269 sic
1598 4194 1987 4290 intelliges,
2055 4191 2203 4267 Qui
2240 4189 2563 4286 phialam

478 4307 702 4403 sugit,
744 4308 928 4380 nihil
978 4308 1075 4381 ad
1126 4308 1510 4405 pulmones
1565 4309 1895 4396 attrahit,
1949 4316 2036 4379 ut
2083 4304 2368 4377 faciunt
2435 4302 2564 4399 qui

478 4420 867 4516 respirant,
899 4443 1134 4516 neque
1169 4422 1247 4494 in
1280 4421 1770 4496 ventriculum
1806 4416 2142 4514 deglutit,
2175 4416 2288 4488 uti
2322 4415 2562 4488 infans

2256 4551 2293 4601 S
2330 4563 2359 4608 2
