3094 5125
887 516 900 533 2
940 497 1497 549 PaonLnMA‘rA
1536 497 1922 551 PHYSICA.
2327 480 2471 559 347

393 677 468 740 et
502 666 712 762 quasi
761 665 1269 740 dubitabunda
1309 677 1563 757 staret,
1601 666 1731 741 sed
1782 690 1934 740 non
1990 665 2157 739 diu:
2210 663 2475 739 deinde
2583 690 2718 731 cn.
2750 691 2831 731 vx.

393 779 637 852 subito
697 789 771 851 et
817 779 1171 853 velociter
1227 791 1719 877 procurreret,
1766 779 2002 854 donec
2047 804 2093 853 a
2135 778 2476 853 scabritie
2504 759 2903 873 mmm,

390 891 793 988 pavimenti
827 902 1307 967 everteretur.
2502 882 2815 991 ssfflfflssoeu
2835 896 2905 925 vu-

491 1005 591 1079 A.
642 1005 1064 1101 Antequam
1096 1006 1597 1104 relinquamus
1644 1030 1932 1098 navem,
1971 1005 2090 1079 dic
2135 1005 2316 1079 mihi
2351 1006 2479 1103 qui

392 1121 479 1193 fit
537 1129 626 1191 ut
680 1118 950 1215 exiguo
996 1120 1499 1216 gubernaculo
1545 1120 1867 1195 maxima
1910 1120 2117 1195 navis
2163 1144 2209 1194 a
2262 1143 2482 1194 cursu

393 1257 526 1306 suo
565 1230 1027 1306 deflectatur.

495 1343 596 1418 B.
650 1344 739 1417 Id
770 1346 860 1418 fit
893 1369 1045 1420 non
1080 1345 1237 1419 solo
1263 1345 1789 1443 gubernaculo.
1894 1345 2124 1420 Navis
2149 1368 2197 1419 a
2221 1345 2485 1442 guber-

393 1456 658 1532 naculo
694 1457 769 1531 in
796 1481 987 1555 aqua
1007 1469 1399 1554 stagnante
1426 1460 1761 1533 converti
1782 1483 1930 1561 non
1953 1469 2222 1555 potest,
2243 1482 2483 1556 neque

393 1571 471 1643 in
504 1594 697 1666 aqua
731 1573 1165 1647 naturaliter
1188 1574 1626 1669 profluente,
1655 1573 1877 1648 modo
1912 1572 2120 1646 navis
2152 1573 2387 1646 libera
2406 1583 2484 1647 et

395 1684 636 1757 soluta
668 1684 785 1759 sit.
891 1686 1098 1782 Opus
1133 1699 1245 1759 est
1279 1687 1693 1783 profluente
1737 1711 1871 1784 per
1901 1688 2053 1761 vim
2097 1699 2482 1760 externam

395 1797 512 1870 vel
543 1799 746 1872 venti
774 1799 894 1873 vel
915 1824 1308 1873 remorum.
1386 1801 1471 1874 In
1508 1801 1640 1874 tali
1675 1802 2086 1896 profluente
2121 1801 2183 1874 si
2215 1800 2483 1897 guber-

395 1912 740 1984 naculum
787 1913 883 1988 ad
928 1937 1196 2010 aquam
1245 1913 1617 1988 labentem
1671 1939 1715 1987 a
1767 1938 1988 2011 prora
2031 1914 2127 1991 ad
2176 1915 2485 2011 puppim

398 2024 688 2120 oblique
722 2037 1088 2112 teneatur,
1122 2026 1318 2100 actio
1355 2050 1569 2123 aquae
1603 2028 1680 2100 in
1727 2029 1965 2123 ipsum
2011 2026 2487 2124 impingentis

400 2161 547 2211 non
598 2139 893 2236 obliqua
937 2139 1103 2228 erit,
1140 2139 1291 2228 sed,
1330 2150 1414 2214 ut
1460 2163 1683 2236 supra
1718 2151 2092 2214 ostensum
2145 2152 2281 2228 est,
2316 2163 2484 2235 per-

398 2251 891 2346 pendicularis
921 2280 940 2325 ε
994 2252 1191 2325 unde
1242 2275 1541 2326 necesse
1597 2264 1710 2326 est
1763 2266 1850 2327 ut
1902 2254 2108 2327 navis
2165 2277 2211 2325 a
2270 2275 2489 2325 cursu

401 2363 855 2456 deflectatur,
892 2377 1114 2462 atque
1149 2367 1257 2439 ita
1291 2366 1724 2440 deflectatur
1758 2380 1841 2441 ut
1874 2390 2095 2463 prora
2118 2364 2379 2439 tendat
2413 2365 2491 2437 in

402 2501 563 2550 eam
599 2478 974 2575 regionem
1010 2478 1107 2553 ad
1142 2501 1361 2576 quam
1397 2478 1799 2553 inclinatur
1831 2481 1909 2553 in
1943 2503 2190 2577 puppe
2224 2478 2492 2575 guber-

403 2591 768 2665 naculum.
842 2592 1448 2667 Animadvertisti
1472 2593 1719 2682 cred0‚
1748 2595 1827 2666 in
1855 2593 2158 2667 flumine
2177 2593 2492 2681 Tamesi‚

403 2705 668 2798 exigua
701 2704 1040 2799 quaedam
1076 2704 1524 2780 descendere
1560 2707 1856 2803 navigia
1891 2732 1937 2780 a
1969 2707 2307 2803 partibus
2340 2704 2495 2776 An-

402 2815 573 2911 gliae
606 2816 1203 2904 occidentalibus,
1230 2841 1362 2914 per
1395 2818 1671 2892 flumen
1697 2819 2028 2892 nondum
2060 2819 2167 2892 ita
2191 2816 2497 2914 profun-

406 2929 581 3002 dum
618 2941 702 3002 ut
735 2952 965 3026 prope
999 2930 1300 3003 urbem:
1356 2955 1669 3028 quorum
1705 2930 2205 3028 gubernacula
2237 2931 2503 3004 latiora

406 3043 637 3116 multo
674 3056 845 3117 sunt
881 3067 1099 3140 quam
1137 3045 1635 3139 gubernacula
1664 3047 2149 3120 maximarum
2176 3046 2499 3119 navium.

409 3157 656 3232 Quare
689 3159 858 3246 hoc,
895 3157 1037 3230 nisi
1071 3168 1154 3231 ut
1205 3182 1470 3255 aquam
1504 3161 1815 3232 multam
1866 3159 2297 3248 sustineant,
2335 3183 2503 3254 quae

406 3271 483 3356 in
539 3295 689 3345 non
738 3270 1104 3368 profundo
1157 3271 1459 3344 flumine
1516 3272 2061 3370 intercipienda
2111 3283 2224 3346 est
2270 3297 2503 3369 prope

406 3408 618 3480 aquae
654 3384 1115 3480 superficiem
1146 3383 1170 3454 Ρ

507 3497 604 3568 Α.
660 3498 849 3572 Quae
884 3520 1106 3570 causa
1141 3507 1254 3569 est
1289 3495 1478 3568 nivis
1510 3495 1534 3566 Ρ

512 3610 609 3682 B.
663 3610 940 3684 Eadem
1005 3633 1250 3705 quam,
1308 3633 1477 3682 cum
1536 3609 2008 3705 loqueremur
2056 3610 2148 3684 de
2206 3611 2501 3699 duritie,

409 3722 757 3818 supposui
791 3747 927 3819 pro
956 3746 1175 3795 causa
1210 3722 1534 3795 duritiei.
1610 3723 1864 3797 Motus
1901 3726 2098 3797 enim
2135 3723 2257 3796 ille
2285 3747 2502 3819 quem

409 3835 757 3932 supposui
790 3837 869 3908 in
905 3836 1168 3910 tellure
1197 3848 1276 3910 et
1301 3836 1452 3910 sole
1475 3860 1722 3910 aerem
1751 3838 2276 3934 rejicientibuS,
2299 3860 2504 3931 mag-

411 3974 587 4022 num
615 3950 803 4023 aeris
842 3962 1190 4024 conatum
1229 3952 1455 4025 efficit
1491 3977 1534 4023 a
1572 3952 1775 4024 Zona
1811 3951 2130 4025 Torrida
2158 3950 2503 4045 utrinque

412 4089 664 4137 versus
701 4065 930 4159 polos,
1039 4065 1185 4140 Qui
1233 4089 1357 4138 aer
1419 4089 1551 4160 per
1604 4066 1837 4138 nubes
1884 4066 2215 4139 nondum
2261 4064 2505 4159 gravi-

413 4177 745 4251 dissimas
782 4179 1170 4268 transiens,
1207 4179 1563 4275 guttulaS,
1600 4203 1691 4251 ex
1728 4179 1990 4274 quibus
2042 4178 2277 4250 nubes
2329 4200 2507 4249 con-

413 4303 581 4381 stat,
644 4292 972 4367 radendo
1041 4293 1405 4390 congelat,
1468 4292 1728 4367 eodem
1796 4291 2015 4387 plane
2076 4289 2295 4364 modo
2359 4301 2504 4386 quo
