3094 5125
613 466 755 531 244
1246 476 1353 526 nn
1394 474 1734 527 NATURA
1772 474 2048 528 Annis.

614 642 935 739 cognita.
1040 638 1358 735 Ideoque
1391 661 1649 711 vereor
1690 662 1781 711 ne
1817 663 1907 712 ex
1959 639 2350 735 suppositis
2399 640 2688 735 quibus-

616 757 785 829 dam
820 753 1009 827 aeris
1043 752 1616 850 proprietatibus
1651 752 2096 826 concludant
2130 753 2473 849 spatium,
2498 753 2692 849 quod

615 896 662 942 a
730 882 1022 941 suctore
1076 879 1398 939 retracto
1469 866 1929 961 relinquitur,
1987 891 2140 939 esse
2206 890 2519 938 vacuum
2548 898 2566 951 ;
2620 879 2693 937 et

615 983 707 1054 ab
744 1005 829 1054 eo
865 1003 1139 1067 rurSUS,
1167 978 1366 1074 quod
1399 978 1716 1074 spatium
1752 978 1931 1051 illud
1970 989 2084 1051 est
2109 1002 2446 1067 vacuum,
2474 978 2695 1051 talem

615 1095 926 1192 probare
948 1092 1178 1164 velint
1212 1115 1367 1164 esse
1391 1103 1730 1163 naturam
1758 1092 1949 1164 aeris
1978 1092 2269 1187 qualem
2302 1114 2692 1188 supposue-

618 1219 829 1280 rant:
866 1206 942 1279 id
978 1218 1112 1294 est,
1143 1228 1237 1277 ne
1271 1203 1777 1276 demonstrent
1811 1205 1965 1277 sine
2001 1205 2361 1300 principio
2398 1204 2695 1278 demon-

619 1320 1018 1394 strationis,

723 1434 818 1505 B.
876 1431 1186 1508 Qualem
1224 1442 1470 1503 autem
1506 1430 1695 1502 aeris
1748 1440 2087 1504 naturam
2135 1430 2556 1527 imaginaris
2593 1443 2696 1519 tu,

622 1571 765 1642 qua
802 1546 1201 1642 supposita,
1240 1544 1556 1640 spatium
1591 1542 1774 1615 illud
1808 1545 2074 1640 repleri
2106 1544 2400 1642 potest?

722 1660 819 1732 A.
873 1656 1176 1754 Egone?
1301 1658 1650 1754 Suppono
1712 1681 1952 1731 aerem
2021 1659 2352 1750 fluidum,
2421 1657 2499 1729 id
2565 1670 2696 1745 est,

620 1772 834 1845 facile
871 1771 1304 1844 divisibilem
1341 1770 1416 1843 in
1452 1780 1698 1866 partes
1734 1794 2021 1867 semper
2074 1771 2337 1845 fluidas
2382 1794 2699 1867 semper-

623 1910 766 1982 que
803 1909 1072 1973 aerem,
1109 1908 1195 1957 eo
1244 1882 1465 1957 modo
1501 1907 1647 1980 quo
1685 1907 1900 1955 omne
1955 1895 2312 1980 quantum
2347 1884 2705 1956 divisibile

624 2000 843 2073 estin
878 2020 1163 2093 semper
1198 2008 1495 2093 quanta.
1601 1996 1760 2068 Nec
1820 2020 2153 2092 suppono
2214 2007 2528 2085 tantum,
2576 1995 2704 2069 sed

624 2110 845 2185 credo
879 2134 1194 2208 quoque,
1230 2110 1450 2183 modo
1486 2133 1732 2182 aerem
1780 2110 2273 2207 intelligamus
2325 2112 2417 2184 ab
2456 2112 2701 2183 omni*

627 2238 844 2298 terrae
879 2246 1235 2320 aquaeque
1270 2223 1575 2295 effluviis
1610 2246 1898 2318 purum,
1936 2224 2170 2319 qualis
2211 2234 2514 2318 putatur
2548 2248 2705 2296 esse

624 2337 878 2410 aether.
1009 2336 1270 2430 Neque
1341 2347 1455 2407 est
1523 2335 1647 2431 qui
1699 2335 2055 2409 hactenus
2115 2337 2339 2409 ullam
2399 2336 2706 2409 adduxit

626 2450 1009 2535 rationem,
1038 2470 1262 2541 quare
1297 2448 1404 2519 ita
1439 2470 1595 2519 esse
1631 2471 1780 2520 non
1815 2458 2086 2545 potest.
2194 2449 2475 2523 Contra
2502 2472 2700 2538 vero,

628 2560 690 2633 si
755 2585 925 2656 pars
994 2560 1204 2648 aeriS,
1285 2572 1562 2656 quanta
1623 2574 1732 2635 est
1809 2562 2110 2636 minima
2177 2588 2395 2659 quam
2456 2562 2706 2636 vidisti

626 2697 945 2769 unquam
982 2684 1194 2769 gutta
1227 2697 1459 2769 aquae,
1495 2674 1722 2747 fluida
1757 2688 1890 2765 est,
1937 2676 2302 2773 quomodo
2358 2677 2494 2750 tibi
2535 2700 2704 2774 pro-

629 2785 977 2882 baturus†
1013 2798 1125 2858 est
1161 2785 1435 2883 aliquid
1473 2787 1671 2884 quod
1705 2813 1874 2884 pars
1910 2789 2213 2863 dimidia
2258 2792 2412 2885 ejus
2448 2791 2703 2886 partis,

629 2898 770 2987 vel,
798 2899 859 2971 si
885 2899 1016 2988 viS,
1046 2900 1321 2973 centies
1348 2901 1611 2974 millies
1641 2903 2047 2991 millesima,
2075 2927 2222 2976 non
2259 2903 2353 2976 sit
2378 2903 2706 2998 ejusdem

629 3023 935 3100 naturae‚
971 3037 1232 3109 nempe
1259 3013 1485 3087 fluida
1521 3028 1598 3087 et
1631 3039 1778 3103 aer,
1817 3038 1944 3087 aer
1979 3015 2275 3110 inquam
2310 3016 2585 3110 purus?

730 3126 826 3198 B.
883 3126 1031 3199 Sed
1061 3127 1391 3223 plerique
1425 3137 1763 3201 nostrum
1790 3139 2128 3201 naturam
2154 3127 2455 3201 fluidam
2485 3153 2530 3201 a
2557 3153 2708 3202 non

631 3238 859 3311 fluida
888 3238 1402 3336 distinguimus
1437 3239 1948 3335 magnitudine
1974 3242 2289 3336 partium
2323 3265 2414 3314 ex
2448 3242 2708 3337 quibus

634 3376 899 3449 corpus
984 3352 1281 3449 aliquod
1349 3364 1662 3441 constat,
1750 3364 1825 3426 et
1898 3355 2103 3450 quasi
2190 3355 2703 3452 compingitur.

641 3465 902 3561 Itaque
985 3488 1132 3537 non
1209 3465 1427 3538 modo
1496 3488 1763 3555 aerem,
1834 3489 2123 3562 aquam,
2195 3477 2269 3541 et
2352 3468 2711 3564 liquorem

638 3601 952 3665 omnem,
990 3576 1120 3648 sed
1161 3577 1379 3650 etiam
1425 3579 1747 3651 cinerem
1802 3589 1878 3651 et
1931 3579 2304 3674 pulverem
2361 3593 2711 3677 tanquam

637 3690 863 3765 fluida
922 3690 1519 3786 contemplamur.
1657 3692 1752 3764 Et
1818 3692 2045 3764 fluida
2104 3717 2194 3765 ex
2251 3718 2402 3766 non
2467 3695 2714 3768 fluidis

641 3804 1042 3901 composita
1074 3827 1229 3876 esse
1267 3828 1477 3899 posse
1524 3829 1673 3879 non
1736 3830 2110 3901 negamus,
2214 3807 2406 3880 Nam
2466 3809 2712 3881 divisi-

638 3917 999 3990 bilitatem
1033 3916 1232 3990 illam
1265 3917 1624 3991 infinitam
1667 3943 1814 3992 non
1851 3923 2393 4017 concoquimus.

742 4031 838 4104 A.
895 4030 1168 4103 Divisio
1205 4029 1498 4126 quidem
1551 4032 1839 4106 infinita
1893 4034 2181 4131 concipi
2239 4058 2387 4107 non
2444 4048 2713 4132 potest,

642 4142 1098 4217 divisibilitas
1134 4154 1376 4216 autem
1420 4143 1657 4217 facile.
1761 4147 1942 4242 Eg0‚
1980 4160 2264 4236 contra,
2303 4148 2714 4220 distinctio-

802 4379 835 4412 *
868 4377 965 4437 Sic
992 4379 1148 4438 Edit.
1187 4382 1331 4439 1661
1367 4390 1427 4439 et
1460 4383 1630 4440 1688.
1980 4382 2012 4446 †
2058 4383 2156 4444 Sic
2185 4384 2342 4443 Edit.
2381 4387 2551 4443 1668.
