3094 5125
726 463 876 531 400
1013 479 1120 531 nn
1161 479 1622 532 ancrpus
1662 480 1766 533 m·
1803 480 2529 537 nntocmanomt

346 670 482 711 en».
511 672 641 713 vm.
725 655 944 718 rectae
989 646 1144 736 AC,
1172 645 1297 720 GE
1357 648 1813 722 constituant
1862 672 2087 722 unam
2141 644 2417 724 lineam
2473 674 2812 742 curvam,

359 740 643 857 {Hm—211
724 757 1088 832 incertum
1138 771 1292 832 est:
1345 759 1494 833 imo
1529 784 1728 850 vero,
1765 772 2048 835 certum
2091 764 2341 858 potius
2374 763 2578 860 quod
2622 788 2810 837 non.

726 869 922 945 Nam
964 881 1320 968 punctum
1373 872 1434 946 C
1475 874 2060 948 considerabitur
2110 876 2228 948 vel
2284 889 2371 950 ut
2412 890 2809 974 quantum,

724 984 842 1057 vel
891 994 976 1057 ut
1018 985 1225 1059 nihil.
1330 986 1410 1059 Si
1463 999 1550 1060 ut
1583 987 1790 1076 nihil,
1843 1011 2079 1083 neque
2128 988 2327 1062 linea
2371 990 2503 1063 DE
2557 1014 2809 1086 neque

720 1098 918 1170 linea
949 1098 1043 1171 FI
1078 1098 1248 1172 duci
1281 1110 1550 1196 potest,
1575 1123 1810 1197 neque
1845 1100 2316 1174 considerari.
2410 1102 2540 1175 Sin
2572 1127 2809 1198 punc-

722 1223 881 1284 tum
918 1212 1421 1286 consideretur
1447 1225 1532 1286 ut
1567 1224 1946 1308 quantum,
1974 1214 2561 1288 considerabitur
2594 1227 2809 1290 recta

723 1323 1014 1421 quidem
1050 1326 1181 1399 DE
1234 1338 1319 1400 ut
1370 1326 1904 1422 rectangulum,
1941 1342 2019 1399 et
2068 1351 2283 1400 arcus
2333 1328 2425 1402 FI
2459 1340 2549 1402 ut
2599 1330 2803 1403 orbis

722 1437 1028 1534 alicujus
1060 1439 1491 1513 latitudinis.
1599 1440 1856 1535 Itaque
1890 1452 2246 1535 punctum
2282 1441 2342 1514 C
2376 1442 2803 1516 considera-

718 1552 917 1626 bitur
948 1566 1036 1627 ut
1066 1576 1235 1650 pars
1269 1553 1647 1650 utriusque
1682 1553 2088 1627 communis
2118 1582 2136 1625 ε
2190 1566 2265 1627 et
2299 1554 2406 1627 sic
2427 1556 2571 1628 erit
2604 1556 2801 1629 idem

719 1679 1074 1763 punctum
1126 1666 1671 1741 consideratum
1715 1678 1802 1739 ut
1834 1668 2070 1764 majus
2115 1680 2193 1741 et
2244 1668 2509 1750 minus,
2545 1668 2626 1741 id
2659 1681 2797 1757 est,

718 1793 806 1854 ut
841 1781 1277 1877 quadratum
1323 1792 1401 1854 et
1449 1779 1764 1854 circulus
1823 1779 1963 1875 ipsi
2015 1780 2434 1876 inscriptus
2542 1780 2799 1855 Quare

722 1893 887 1968 duae
942 1908 1166 1968 rectae
1219 1893 1752 1968 constituentes
1811 1894 2161 1990 angulum
2219 1905 2532 1985 rectum,
2589 1894 2795 1967 nullo

718 2008 937 2081 modo
966 2007 1412 2081 considerari
1445 2020 1531 2081 ut
1564 2031 1711 2079 una
1745 2018 1948 2079 recta
1980 2017 2311 2102 possunt.
2385 2006 2634 2080 Multo
2667 2030 2797 2079 au·

718 2134 866 2195 tem
904 2122 1167 2210 minus,
1190 2121 1252 2194 si
1286 2121 1748 2194 constituunt
1775 2119 2127 2216 angulum
2148 2131 2470 2192 acutum.
2532 2119 2794 2194 “Quid

718 2236 960 2331 ergo,''
996 2235 1282 2331 inquiet
1327 2233 1517 2306 forte
1568 2233 1853 2329 aliquis,
1891 2237 1939 2270 “
1968 2232 2263 2305 nullane
2311 2256 2554 2329 neque
2600 2247 2787 2320 arte,

716 2370 956 2444 neque
1001 2347 1296 2421 fortuna
1342 2345 1569 2419 dividi
1620 2354 1867 2441 potest
1918 2344 2114 2418 linea
2156 2357 2359 2419 recta
2410 2346 2490 2419 in
2543 2359 2790 2442 partes

717 2460 1130 2556 aliquotas?
1236 2460 1600 2532 Punctum
1660 2458 1856 2530 enim
1910 2457 1973 2531 si
2027 2457 2209 2530 nihil
2256 2458 2376 2544 sit,
2425 2481 2788 2552 nusquam

716 2587 852 2659 est,
887 2596 1125 2669 neque
1170 2574 1249 2645 in
1298 2571 1539 2644 media
1581 2571 1797 2659 linea,
1834 2595 2070 2667 neque
2121 2572 2199 2644 in
2255 2571 2497 2660 tertia,
2549 2594 2787 2667 neque

715 2688 793 2758 in
831 2696 1090 2782 quarta
1134 2697 1347 2780 parte
1398 2683 1577 2778 ejuS.
1682 2685 1811 2757 Sin
1861 2697 2219 2781 punctum
2265 2684 2361 2756 sit
2409 2696 2787 2779 quantum,

713 2798 1088 2872 auferetur
1139 2820 1273 2894 per
1332 2796 1760 2869 divisionem
1806 2797 2052 2893 aliqua
2106 2819 2276 2893 pars
2335 2810 2561 2870 rectae
2606 2797 2783 2869 divi-

715 2910 1048 2984 dendae.”
1184 2909 1303 2983 Ad
1363 2908 1560 3005 quod
1627 2909 2082 3005 respondeo:
2157 2920 2358 2982 recte
2419 2908 2785 2984 dividetur

714 3037 941 3111 recta,
964 3023 1023 3097 si
1050 3047 1377 3098 secemus
1400 3047 1562 3097 eam
1581 3045 1714 3118 per
1739 3022 2007 3095 lineam
2037 3022 2430 3095 habentem
2451 3022 2782 3119 exiguam

708 3137 1031 3232 aliquam
1090 3136 1577 3222 latitudinem,
1636 3135 1744 3207 ita
1798 3146 1882 3207 ut
1935 3145 2177 3229 partes
2239 3134 2587 3229 utrinque
2637 3135 2781 3207 sint

709 3251 1049 3346 aequaleS,
1081 3249 1552 3344 dicamusque
1580 3248 1807 3320 totius
1832 3258 2055 3320 rectae
2082 3245 2417 3320 secandae
2439 3246 2779 3320 medieta-

708 3376 857 3436 tem
891 3386 1047 3436 esse
1084 3361 1179 3435 ad
1213 3362 1528 3436 mediam
1562 3359 1970 3434 latitudinis
2002 3359 2217 3433 lineae
2254 3359 2570 3433 secantis
2592 3387 2614 3430 ε
2662 3382 2779 3432 ac-

705 3476 1025 3550 curatius
1059 3488 1308 3549 autem
1335 3474 1560 3547 dividi
1604 3473 1964 3562 bifariam,
1999 3473 2090 3545 ab
2147 3473 2465 3546 humana
2530 3472 2777 3546 saltem

704 3588 1059 3688 potentia,
1114 3612 1265 3661 non
1309 3599 1576 3685 potest.
1706 3587 1921 3682 Itque
1968 3586 2128 3659 haec
2180 3586 2405 3658 verba
2472 3584 2778 3658 duarum

705 3705 1087 3791 linearum,
1142 3709 1308 3790 etc„
1345 3714 1429 3774 ut
1481 3701 1803 3775 obscura
1854 3697 2338 3795 reprehendo,
2401 3709 2778 3795 propterea

707 3817 903 3914 quod
968 3839 1131 3913 quae
1187 3813 1349 3886 duae
1403 3813 1619 3887 lineae
1673 3836 1896 3884 unam
1957 3812 2409 3886 constituant
2462 3811 2579 3883 vel
2636 3815 2778 3884 non

709 3930 1183 4018 constituant,
1222 3924 1555 3999 nondum
1591 3925 1962 3998 docuerat.

804 4043 894 4118 Id
921 4041 1119 4139 quod
1141 4040 1322 4114 facit
1358 4039 1538 4112 duas
1574 4038 1805 4111 lineas
1834 4037 2278 4134 compositas
2305 4048 2505 4112 recte
2534 4037 2774 4111 vocari

704 4182 947 4247 unam,
1002 4167 1113 4230 est
1172 4153 1371 4251 quod
1430 4152 1627 4225 idem
1689 4152 1988 4226 omnino
2050 4151 2369 4226 habeant
2429 4159 2774 4248 punctum

706 4293 1116 4357 commune,
1153 4268 1364 4364 quale
1396 4265 1690 4362 quidem
1727 4265 2004 4338 habent
2037 4289 2252 4339 arcus
2288 4265 2428 4353 FC,
2453 4263 2549 4337 CI
2582 4292 2602 4335 ε
2654 4260 2770 4335 sed

703 4408 854 4458 non
890 4384 1070 4457 item
1103 4381 1243 4467 FC,
1272 4381 1424 4469 CD,
1460 4404 1698 4477 neque
1736 4380 1887 4472 EC,
1911 4379 2062 4453 CA.
