3094 5125
770 516 1421 569 MATHEMATICAE
1463 519 1954 571 nonmRNAE.
2320 501 2416 581 73

299 705 639 776 sequena,
663 685 882 757 ratio
917 684 1360 784 aequalitatis
1394 708 1748 782 superans
1777 687 2141 759 rationem
2169 686 2415 783 defec-

295 804 434 883 tus,
509 820 679 869 non
756 810 924 870 tam
994 800 1353 872 rationem
1423 799 1760 895 defectu-s·
1828 811 2126 896 superat
2197 823 2417 895 quam

296 908 679 1003 defectum
743 911 1087 999 rationiS,
1142 910 1219 984 id
1270 923 1403 1000 est,
1466 911 1835 1007 defectum
1892 911 2419 1008 magnitudinis

296 1046 437 1117 qua
471 1025 788 1119 aequari
822 1026 1057 1122 possit
1091 1050 1258 1099 cum
1296 1048 1383 1097 eo
1418 1025 1711 1120 quicum
1749 1039 2238 1122 comparatur.

393 1136 495 1210 B.
551 1138 877 1212 Videris
923 1139 1061 1211 hoc
1105 1140 1317 1228 velle,
1354 1139 1431 1211 in
1468 1140 2014 1236 comparatione
2050 1140 2418 1212 rationum

297 1250 741 1344 promiscue
768 1252 1179 1347 computari
1208 1275 1552 1324 excessus
1581 1264 1658 1323 et
1683 1250 2060 1348 defectus:
2087 1253 2421 1326 similiter

300 1385 387 1434 ac
430 1364 496 1435 si
533 1366 723 1459 quis
773 1366 1052 1438 habens
1104 1366 1217 1438 sui
1268 1364 1435 1437 aeris
1484 1364 1746 1460 viginti
1796 1365 2044 1453 libraS,
2087 1377 2163 1438 et
2204 1366 2421 1439 alieni

302 1476 661 1567 totidem,
729 1490 1157 1551 numeraret
1216 1476 1645 1550 indistincte
1692 1502 2052 1552 summam
2110 1479 2420 1576 quadra·
2485 1536 2492 1543 .

306 1588 519 1683 ginta
552 1590 959 1681 librarum,
991 1616 1158 1664 cum
1193 1591 1495 1664 deberet
1528 1615 1914 1666 numerare
1948 1591 2153 1666 nihil.

326 1746 327 1753 κ
407 1701 509 1776 Α.
568 1704 708 1777 Ita
744 1715 883 1778 est.

411 1817 515 1889 B.
576 1817 742 1891 Sed
780 1816 985 1904 illud,
1035 1816 1397 1889 rationem
1450 1816 1788 1915 defectus
1843 1842 2007 1892 esse
2061 1818 2427 1914 defectum

316 1930 686 2021 rationis,
756 1930 855 2004 ad
906 1930 1593 2004 mathematicorum
1661 1954 1876 2005 aures
1945 1930 2250 2004 accedet
2314 1932 2428 2004 in-

322 2054 657 2118 suetum.
1450 2036 1465 2055 '

418 2155 522 2231 Α.
583 2155 839 2231 Credo
873 2155 1009 2229 tibi
1044 2155 1210 2229 hoc.
1314 2157 1663 2231 Attamen
1698 2180 1956 2230 verum
2008 2178 2167 2229 esse
2216 2155 2431 2228 facile

324 2289 727 2363 agnosceS,
782 2269 843 2341 si
897 2268 1456 2356 animadvertas,
1512 2269 1807 2367 quando
1868 2268 2032 2344 duae
2085 2269 2428 2359 rationeS‚

326 2394 659 2481 utraque
694 2381 999 2454 minoris
1032 2380 1129 2453 ad
1162 2383 1540 2478 majorem,
1594 2394 2157 2480 componuntur,
2203 2383 2432 2456 ratio-

331 2516 505 2569 nem
547 2495 711 2571 fieri
748 2495 1130 2568 minorem.
2373 2587 2388 2600 .

434 2609 536 2684 Β.
591 2611 875 2681 Verum
935 2619 1073 2696 est,
1129 2618 1205 2681 et
1262 2621 1660 2705 propterea
1714 2634 2041 2701 necesse,
2101 2621 2185 2684 ut
2240 2612 2440 2685 ratio

337 2720 677 2818 desectus
731 2723 836 2794 sit
892 2722 1225 2819 defectus
1267 2724 1611 2796 rationis.
1722 2725 2198 2800 Quantitates
2241 2725 2435 2797 enim

343 2858 602 2910 omnes
674 2834 1002 2932 ejusdem
1070 2835 1360 2932 generis
1430 2838 1884 2933 compositae,
1947 2837 2437 2933 quantitatem

343 2948 633 3024 faciunt
685 2949 1063 3043 majorem.
1166 2950 1408 3022 Etiam
1464 2948 1792 3024 defectus
1841 2951 1904 3024 si
1947 2950 2267 3024 defectui
2312 2949 2439 3023 ad-

347 3062 592 3151 datur,
628 3064 758 3137 fiet
793 3062 1124 3136 defectus
1159 3064 1418 3159 major,
1476 3075 1553 3137 et
1587 3077 1834 3138 tamen
1872 3065 2061 3138 ratio
2095 3064 2293 3138 facta
2327 3074 2439 3137 est

347 3179 634 3257 minor;
688 3201 778 3249 ex
827 3200 971 3272 quo
1006 3177 1477 3250 manifestum
1514 3189 1628 3251 est
1664 3178 1862 3273 quod
1896 3178 2166 3268 dixisti,
2203 3176 2439 3250 ratio-

350 3316 509 3364 nem
571 3289 912 3387 defectus
970 3313 1132 3361 esse
1193 3289 1557 3387 defectum
1607 3290 1924 3363 rationis
1943 3317 1973 3373 ,·
2021 3302 2107 3364 ut
2161 3291 2286 3387 qui
2340 3313 2441 3363 aes

352 3406 673 3479 alienum
708 3403 836 3477 aeri
866 3402 1073 3476 addit
1097 3403 1362 3492 alieno,
1398 3414 1608 3477 tanto
1633 3404 1720 3476 fit
1745 3404 2136 3500 pauperior
2163 3413 2442 3500 quanto

352 3519 512 3615 plus
548 3517 775 3590 habet
806 3517 970 3588 aeris
1006 3516 1248 3591 alieni.

448 3630 544 3705 Α.
602 3630 837 3704 Recte
886 3629 1109 3726 capis,
1217 3630 1614 3704 Sciendum
1649 3642 2007 3727 praeterea
2053 3641 2190 3721 est,
2237 3654 2444 3727 mag·

354 3745 727 3821 nitudines
781 3743 1177 3832 rationum,
1233 3755 1389 3816 tam
1434 3744 1770 3841 defectus
1805 3769 2026 3840 quam
2070 3768 2443 3833 emes-sus,

356 3857 832 3933 determinari
866 3880 998 3953 per
1041 3858 1628 3953 magnitudinem
1675 3857 2124 3953 differentioe
2144 3886 2174 3942 ;
2223 3858 2443 3953 idque

354 3973 770 4071 dupliciter.
877 3971 1132 4043 Potest
1166 3971 1364 4043 enim
1394 3970 1811 4045 differentia
1846 3971 2294 4047 considerari
2328 3970 2445 4043 vel

357 4086 715 4174 absolute,
755 4094 844 4155 ut
881 4106 1048 4155 cum
1082 4082 1396 4156 dicimus
1431 4085 1924 4180 comparando
1975 4094 2021 4158 6
2058 4097 2133 4158 et
2169 4094 2239 4172 3,
2290 4107 2448 4155 ma-

349 4202 583 4295 jorem
619 4221 784 4273 esse
831 4204 878 4268 6
919 4220 1136 4291 quam
1174 4207 1218 4270 3
1260 4197 1496 4270 tribus
1530 4198 1987 4283 unitatibus;
2041 4222 2206 4294 quae
2241 4195 2449 4267 diffe-

356 4315 590 4388 rentia
623 4322 745 4386 est
780 4333 1128 4382 numerus
1173 4310 1600 4384 absolutus:
1652 4310 1768 4383 vel
1800 4308 2321 4407 comparative,
2361 4322 2451 4383 ut

357 4450 516 4502 cum
577 4426 904 4504 dicimus
961 4424 1317 4519 majorem
1373 4447 1530 4498 esse
1585 4431 1632 4495 6
1687 4446 1904 4519 quam
1957 4433 2002 4496 3
2062 4423 2173 4496 sui
2224 4423 2449 4520 ipsius

2488 714 2713 755 mALoc
2721 714 2793 755 US

2617 796 2680 835 11.
