3094 5125
971 486 1529 541 PROBLEMATA
1570 484 1953 539 Pursch.
2360 471 2495 536 341

514 650 611 726 B.
665 653 863 728 Quia
886 664 1151 750 puteus
1174 653 1584 751 profundus
1610 664 1726 727 est
1744 652 1978 727 instar
2003 652 2207 725 urcei
2228 652 2502 749 magni,

419 766 626 861 cujus
680 767 1142 863 superficiem
1197 767 1547 840 extimam
1593 765 1854 839 radere
1888 788 2016 838 aer
2047 788 2200 839 non
2232 776 2502 862 potest,

415 877 560 950 nisi
614 889 835 968 terra,
893 903 1037 977 qua
1097 879 1571 953 circundatus
1625 889 1739 955 est
1795 899 2083 970 urceuS,
2140 878 2355 952 valde
2406 878 2505 952 sit

416 991 831 1088 spongiosa.

517 1104 618 1179 Α.
672 1106 822 1180 Cur
854 1130 1002 1180 non
1040 1106 1473 1203 congelatur
1505 1104 1783 1194 vinum,
1819 1104 2012 1178 sicut
2043 1104 2283 1200 aqua?

519 1218 618 1292 B.
669 1219 916 1293 Etiam
939 1220 1196 1294 vinum
1229 1218 1760 1315 congelabitur‚
1790 1218 1851 1291 si
1882 1216 2117 1314 frigus
2156 1241 2505 1315 magnum

417 1331 516 1404 sit
570 1344 648 1406 et
701 1332 1154 1407 diuturnum.
1260 1331 1407 1406 Sed
1477 1343 1719 1406 motus
1780 1331 2115 1405 internus
2180 1332 2504 1428 partium

415 1443 591 1535 vini,
628 1445 820 1520 sicut
866 1457 945 1520 et
998 1446 1400 1520 multorum
1448 1444 1763 1518 aliorum
1811 1445 2206 1541 liquorum,
2241 1445 2505 1520 fortior

418 1567 553 1643 est,
591 1569 667 1632 et
699 1558 778 1632 iu
811 1560 1214 1655 majoribus
1266 1558 1582 1648 circuIiS,
1619 1582 1839 1655 quam
1888 1569 2136 1631 motus
2180 1558 2504 1653 partium

417 1695 677 1768 aquae:
732 1682 811 1747 et
865 1684 1258 1771 propterea
1302 1672 1543 1745 minus
1577 1671 1791 1746 facile
1839 1670 2268 1761 indurescit,
2313 1695 2503 1767 prae-

418 1785 672 1858 sertim
721 1809 953 1883 usque
1003 1787 1099 1860 ad
1151 1798 1513 1859 centrum.
1616 1785 1873 1859 Partes
1908 1783 2107 1857 enim
2136 1782 2291 1856 vini
2323 1807 2501 1880 qua-

418 1920 584 1970 rum
617 1908 731 1973 est
765 1911 1009 1974 motus
1043 1899 1165 1973 ille
1197 1899 1432 1988 fortis,
1465 1898 1835 1995 recipiunt
1879 1921 1959 1971 se
2010 1896 2106 1971 ad
2140 1906 2500 1970 centrum.

417 2011 591 2085 Vini
624 2023 870 2086 autem
905 2013 1105 2110 quod
1140 2012 1289 2086 illic
1324 2022 1459 2100 est,
1487 2011 1776 2107 reliquo
1807 2008 2222 2106 congelatO,
2257 2009 2503 2082 fortis-

418 2124 684 2199 simum
720 2137 851 2200 est.

1267 2443 1655 2454 ——n—-

1276 2703 1484 2777 CAP.
1514 2703 1644 2776 VI.

522 2899 1082 2953 PROBLEMATA
1121 2901 1229 2952 DE
1267 2901 1606 2970 PLUVIA,
1643 2902 1953 2971 VENTO,
1991 2902 2403 2963 ALusQUR

1054 3002 1265 3054 COELI
1303 3002 1957 3056 VARIE'I'ATIBUS.

519 3146 621 3220 A.
677 3147 907 3222 QUID
946 3143 1269 3241 pluviam
1303 3143 1549 3233 efficit,
1586 3155 1662 3217 et
1694 3143 2122 3239 quomodo?

522 3260 618 3333 B.
676 3260 970 3333 Motum
1002 3258 1193 3356 aeris
1222 3257 1547 3354 (qualem
1580 3267 1754 3331 ante
1791 3257 2204 3355 descripsi),
2233 3282 2507 3333 conan-

417 3383 571 3446 tem
636 3372 734 3447 ad
799 3372 1123 3469 partium
1192 3370 1382 3445 aeris
1444 3370 2031 3468 diremptionem,
2091 3372 2506 3446 necessario

420 3487 752 3583 sequitur
831 3496 1143 3559 conatus
1221 3495 1619 3581 perpetuus
1694 3484 1898 3580 (quia
1961 3484 2167 3558 locus
2232 3508 2507 3559 vacuus

419 3598 664 3672 nullus
719 3599 862 3692 est)
917 3598 1247 3673 omnium
1292 3597 1617 3694 partium
1659 3597 2053 3671 fluidarum
2113 3622 2278 3695 quae
2332 3609 2508 3672 sunt

418 3710 499 3783 in
549 3711 931 3808 superficie
991 3711 1300 3801 telluriS,
1338 3710 1436 3784 ad
1486 3710 1616 3784 illa
1665 3710 1832 3784 loca
1883 3710 2290 3808 supplenda
2340 3734 2507 3807 quae

418 3823 692 3920 alioqui
744 3836 990 3898 essent
1023 3848 1280 3898 vacua.
1387 3823 1586 3897 Hinc
1636 3824 1747 3914 fit,
1780 3834 1868 3898 ut
1902 3825 2126 3898 maris
2160 3835 2236 3896 et
2286 3832 2507 3896 terrae

419 3949 667 4033 partes
716 3936 1169 4011 fluidissimae
1223 3946 1300 4009 et
1359 3936 1869 4011 minutissimae
1919 3946 2302 4033 surgentes
2355 3936 2510 4010 aeri

422 4075 502 4125 se
534 4049 1039 4123 immisceant:
1094 4073 1260 4146 quae
1293 4049 1626 4124 collectae
1657 4050 1848 4123 fiunt
1882 4049 2138 4123 nubes.
2218 4048 2508 4121 Harum

419 4187 592 4262 pars
659 4163 978 4236 maxima
1044 4162 1217 4236 inde
1273 4163 1508 4238 oritur
1559 4163 1689 4236 ubi
1747 4164 2070 4237 maxima
2123 4172 2237 4236 est
2294 4185 2507 4258 aquae

421 4276 822 4375 quantitas,
889 4276 1261 4363 nimirum,
1323 4301 1369 4349 a
1427 4277 1761 4373 partibus
1820 4276 2078 4350 oceani
2144 4274 2506 4366 maximiS,

424 4416 589 4488 quae
649 4400 824 4465 sunt
869 4411 1069 4463 mare
1123 4388 1486 4479 Indicum,
1519 4413 1723 4464 mare
1760 4388 2123 4477 Australe,
2179 4400 2254 4463 et
2304 4411 2509 4463 mare

2610 677 2747 718 CAP.
2778 678 2837 718 V.

2584 745 2872 780 s--r-—ae

2623 807 2690 851 Do
2709 808 2822 853 dum

2618 877 2663 915 ct
2683 871 2819 917 molli.
