3094 5125
1075 488 1743 542 GEOMETRARUM.
2292 474 2428 540 401

463 650 858 726 Videamus
896 653 1247 741 secund0‚
1286 677 1625 749 quaenam
1674 651 1823 725 sint
1869 650 2082 724 lineae
2131 676 2296 748 quae
2345 654 2441 727 ad
2510 677 2646 720 car.
2677 678 2808 717 vm.

362 764 783 839 faciendum
815 766 1165 862 angulum
1201 766 1472 840 debent
1516 790 1602 838 se
1654 774 1896 838 mutuo
1943 773 2226 837 tantum
2279 775 2441 839 tan-

357 903 599 977 gere:
652 890 729 951 et
770 879 1147 975 (quoniam
1199 879 1447 952 locum
1491 878 1690 950 hunc
1739 900 2109 972 exponens
2146 878 2442 953 Clavius

361 992 713 1087 angulum
749 993 936 1065 effici
973 992 1155 1065 dicit
1204 1016 1296 1065 ex
1328 989 1749 1087 hujusmodi
1785 1014 2138 1063 concursu
2173 1015 2301 1065 seu
2337 992 2440 1065 in-

361 1105 793 1199 clinatione)
836 1105 1013 1202 quid
1046 1106 1144 1179 sit
1177 1105 1486 1178 duarum
1512 1104 1870 1177 linearum
1904 1104 1983 1177 in
2015 1105 2234 1199 plano
2271 1130 2442 1179 con-

360 1241 639 1292 cursus.
743 1220 987 1292 Etiam
1025 1218 1202 1315 quid
1229 1219 1325 1292 sit
1343 1220 1620 1314 jacere
1653 1217 1729 1290 in
1766 1216 2150 1291 directum.
2243 1218 2442 1301 Quid

360 1332 581 1406 etiam
617 1332 712 1405 sit
746 1330 1151 1421 inclinatzb,
1183 1356 1402 1428 quam
1432 1330 1722 1404 Clavius
1757 1330 2065 1403 eandem
2102 1354 2259 1405 rem
2285 1356 2441 1405 esse

359 1446 645 1542 putavit
681 1469 845 1519 cum
885 1469 1272 1520 concursu.
1370 1447 1467 1519 Et
1502 1444 1681 1541 quid
1711 1443 1810 1517 sit
1846 1444 2117 1517 lineam
2153 1470 2201 1517 a
2237 1443 2440 1519 linea

358 1558 633 1631 secari.

463 1672 696 1745 Recta
728 1695 1004 1760 arcum,
1043 1671 1194 1744 sive
1241 1672 1461 1745 aliam
1513 1672 1783 1744 lineam
1831 1694 2152 1760 curvam,
2189 1672 2444 1769 tangit

363 1793 665 1873 tantum,
694 1784 984 1880 quando
1019 1785 1258 1881 tangit.
1285 1784 1608 1882 quidem,
1636 1796 1794 1858 tota
1818 1797 2065 1858 tamen
2095 1796 2206 1857 est
2232 1797 2444 1858 extra

362 1897 741 1986 circulum,
778 1909 865 1970 ut
897 1897 1182 1970 nullum
1216 1898 1315 1970 sit
1359 1897 1740 1992 utriusque
1778 1920 2165 1970 commune
2216 1921 2440 1992 punc-

361 2022 544 2083 tum.
616 2010 721 2084 Ut
738 1999 875 2106 ⁴qui
902 2009 1209 2107 alicujus
1232 2009 1490 2082 domus
1516 2011 1819 2105 januam
1851 2009 2101 2107 tangit
2135 2018 2441 2098 tantum,

360 2124 423 2197 is
460 2147 698 2221 neque
731 2123 929 2197 intra
962 2123 1262 2196 domum
1294 2134 1430 2211 est,
1458 2146 1696 2218 neque
1729 2123 1807 2195 in
1843 2124 1999 2218 ipsa
2023 2124 2275 2217 janua,
2312 2122 2443 2195 sed

360 2248 561 2311 totus
595 2249 828 2310 extra.

461 2352 929 2425 Concurrunt
964 2362 1214 2424 autem
1250 2348 1416 2424 duae
1449 2349 1687 2437 lineae,
1723 2347 2018 2445 quando
2054 2349 2441 2446 utriusque

359 2476 473 2538 est
506 2464 803 2560 aliquod
837 2487 1222 2537 commune
1254 2474 1634 2559 punctum,
1669 2463 1988 2537 necdum
2011 2462 2444 2559 producitur

358 2578 692 2651 ulterius,

461 2691 696 2763 Recta
729 2689 1042 2785 denique
1089 2714 1344 2763 arcum
1389 2701 1612 2775 secat,
1652 2690 1948 2788 quando
1997 2714 2166 2786 pars
2214 2701 2439 2764 rectae

361 2816 474 2878 est
506 2803 724 2892 intra,
760 2826 928 2899 pars
964 2815 1172 2876 extra
1206 2804 1582 2877 circulum.
1640 2805 1810 2877 Non
1839 2816 1952 2877 est
1977 2827 2154 2900 ergo
2183 2803 2443 2877 eadem

360 2941 479 2992 res
526 2928 911 2990 contactus
960 2926 1036 2990 et
1092 2940 1534 2990 concursus:
1588 2941 1831 3012 neque
1893 2941 2057 3014 quae
2111 2940 2189 2989 se
2241 2915 2444 3013 plus-

361 3054 584 3127 quam
627 3039 967 3125 tangunt,
1003 3029 1409 3102 necessario
1444 3053 1520 3102 se
1557 3042 1815 3104 mutuo
1852 3043 2147 3103 secant:
2203 3052 2441 3125 neque

359 3157 562 3219 recte
609 3143 1135 3239 interpretatus
1181 3152 1293 3216 est
1324 3141 1466 3214 hoc
1501 3142 1668 3216 loco
1703 3142 2084 3216 Euclidem
2114 3143 2436 3215 Clavius,

462 3257 745 3348 Tertio,
798 3255 1176 3329 videamus
1230 3255 1404 3351 quid
1461 3256 1557 3329 sit
1593 3258 1863 3351 jacere
1920 3257 1996 3330 in
2054 3256 2436 3330 directum.

358 3372 602 3445 Verba
627 3371 753 3444 illa
775 3371 1046 3466 jacere
1079 3369 1155 3441 in
1192 3369 1553 3443 directum
1588 3394 1805 3466 quem
1838 3371 2080 3444 locum
2116 3372 2192 3443 in
2227 3371 2439 3444 lineis

358 3508 509 3558 non
552 3485 774 3559 rectis
823 3483 1094 3556 habere
1149 3492 1482 3579 possunt,
1513 3505 1662 3555 non
1716 3483 2088 3579 intelligo:
2144 3508 2313 3557 nam
2375 3485 2436 3557 si

357 3619 535 3669 vera
569 3608 765 3685 sunt,
793 3597 1012 3692 juxta
1055 3595 1736 3691 interpretationem
1788 3595 2042 3686 Clavii,
2080 3597 2205 3692 qui
2254 3596 2437 3670 dicit

360 3709 543 3783 duos
578 3733 790 3783 arcus
825 3709 965 3797 FC,
1004 3707 1103 3780 CI
1140 3710 1417 3804 jacere
1469 3707 1545 3780 in
1593 3708 1973 3797 directum,
2010 3709 2232 3782 etiam
2268 3708 2434 3783 duae

356 3824 690 3897 semisses
725 3822 1050 3920 ejusdem
1087 3822 1342 3895 circuli
1377 3823 1731 3920 jacebunt
1774 3822 1850 3894 in
1899 3823 2303 3905 directum;
2359 3836 2435 3895 et

354 3936 585 4033 (quod
618 3935 788 4008 inde
825 3936 1184 4032 sequitur)
1224 3948 1502 4032 puncta
1523 3936 1771 4010 omnia
1798 3936 2025 4008 totius
2051 3935 2430 4032 perimetri

338 4048 699 4147 jacebunt
729 4050 809 4122 in
841 4048 1200 4122 directum
1230 4081 1248 4134 ;
1301 4063 1376 4123 et
1408 4062 1764 4147 punctum
1802 4061 2043 4144 potest
2075 4049 2352 4120 moveri
2389 4073 2434 4122 a

357 4165 522 4239 loco
560 4187 715 4252 suc,
753 4163 985 4236 donec
1019 4162 1113 4236 ad
1147 4163 1458 4237 eundem
1505 4165 1749 4237 locum
1784 4161 2037 4235 redeat
2070 4172 2278 4234 motu
2322 4161 2432 4233 di-

358 4289 590 4364 recto,
628 4288 702 4349 et
731 4277 866 4349 fiat
897 4277 1289 4373 perimeter
1322 4289 1526 4350 recta
1559 4278 1775 4351 linea.

457 4390 853 4464 Videamus
900 4401 1186 4486 quart0,
1224 4391 1403 4487 quid
1454 4391 1553 4466 sit
1598 4388 2006 4464 inclinatio,
2072 4442 2088 4452 ,ι
2111 4388 2427 4463 Quando

556 4526 741 4577 von.
784 4525 896 4578 lv.
2098 4523 2149 4574 D
2177 4523 2228 4574 D

2522 746 2808 783 b--r-—d

2534 807 2603 852 De
2622 805 2797 865 angulo.
