3094 5125
846 527 953 578 nn
993 526 1600 580 MAGNI'PUDINE
1641 528 2008 581 crucum.
2311 510 2446 589 371

472 694 934 789 Proponatur
965 694 1295 768 invenire
1342 705 1619 769 rectam
1656 696 2007 793 aequalem
2039 695 2242 767 arcui
2277 718 2457 791 qua·
2524 726 2850 767 senonum.

372 807 655 880 drantis
724 806 1074 903 descripti
1130 831 1176 880 a
1234 809 1511 904 majore
1581 820 1961 905 segmento
2016 808 2267 881 lateris
2322 806 2456 879 AB
2538 797 2821 831 “Y“

370 919 553 993 secti
588 931 920 991 extrema
947 931 1025 992 et
1057 920 1301 993 media
1335 921 1647 994 ratione.
1735 921 2293 995 semidiametro
2327 922 2460 996 AG

372 1033 834 1107 describatur
890 1056 1105 1106 arcus
1166 1056 1421 1106 secans
1467 1034 1598 1107 AE
1660 1033 1735 1107 in
1784 1035 1868 1121 δ;
1923 1035 2065 1107 erit
2126 1058 2303 1130 ergo
2351 1034 2459 1109 δΕ

370 1154 835 1242 segmentum
860 1148 1096 1243 majus
1122 1147 1374 1221 lateris
1396 1146 1529 1219 AB
1556 1148 1739 1222 secti
1766 1161 2097 1221 extrema
2124 1162 2198 1221 et
2218 1149 2464 1223 media

370 1261 680 1333 ratione.
789 1260 1169 1333 Ponantur
1203 1261 1279 1334 in
1313 1262 1470 1348 AB,
1506 1263 1668 1350 ΒΟ,
1705 1263 1868 1352 AD,
1907 1273 2130 1336 rectae
2164 1263 2302 1350 ΑΖ,
2342 1263 2462 1353 Be,

372 1374 512 1462 Ru,
549 1376 669 1447 Αθ
701 1373 1009 1470 singulae
1063 1376 1379 1471 aequales
1430 1377 1569 1472 ipsi
1607 1375 1737 1449 BE.
1843 1377 2355 1472 Jungaturque
2394 1380 2466 1447 ιθ

373 1511 630 1560 secans
664 1488 817 1560 AM
852 1487 928 1560 in
964 1491 1034 1577 λ,
1072 1500 1148 1561 et
1199 1489 1334 1562 Ro
1380 1489 1457 1561 in
1504 1524 1564 1578 η,
1604 1500 1678 1563 et
1734 1489 2048 1562 ducatur
2095 1499 2299 1562 recta
2335 1490 2465 1575 Αη,

373 1613 450 1674 et
516 1601 966 1696 producatur
1031 1602 1129 1675 ad
1190 1602 1314 1676 ΒΟ
1373 1588 1452 1675 in
1495 1636 1543 1675 ε.
1658 1603 1823 1675 Erit
1883 1627 2059 1699 ergo
2120 1612 2324 1675 recta
2375 1602 2465 1675 Βε

372 1715 675 1810 aequalis
708 1716 913 1788 arcui
948 1716 1378 1813 quadrantis
1415 1716 1767 1813 descripti
1801 1717 2009 1791 radio
2044 1717 2201 1801 AZ;
2261 1715 2465 1812 (quia

372 1839 509 1917 est,
536 1840 620 1903 ut
656 1830 781 1903 ΒΟ
805 1828 901 1903 ad
928 1830 1098 1917 ΟΜ,
1125 1831 1233 1904 ita
1256 1832 1371 1912 R„
1392 1830 1487 1904 ad
1510 1831 1643 1925 Be)
1675 1859 1692 1903 :
1733 1830 2131 1926 eademque
2165 1828 2464 1926 aequalis

373 1942 579 2015 arcui
605 1941 974 2039 descripto
1009 1967 1055 2016 a
1090 1945 1366 2041 majore
1395 1956 1777 2040 segmento
1800 1945 1940 2033 ΑΖ,
1968 1966 2232 2038 nempe
2261 1942 2465 2015 arcui

279 2128 285 2133 .
374 2058 481 2143 Ζθ,
519 2055 922 2153 eademque
979 2061 1217 2154 majus
1269 2068 1729 2153 segmentum
1766 2067 1992 2130 rectae
2030 2056 2178 2129 ΒΜ
2214 2055 2467 2130 divisae

385 2181 716 2244 extrema
750 2182 823 2244 et
868 2171 1111 2244 media
1153 2172 1438 2245 ratione
1484 2171 1562 2244 in
1598 2204 1624 2242 ε
1654 2202 1674 2249 z
1749 2182 1825 2245 et
1859 2172 1970 2244 εΜ
2007 2179 2464 2268 segmentum

379 2284 641 2357 minus,

477 2396 608 2470 Sin
642 2407 1015 2492 quaeratur
1050 2396 1483 2493 magnitudo
1520 2408 1744 2471 rectae
1783 2398 1927 2487 Βλ,
1964 2421 2128 2495 quae
2163 2410 2276 2470 est
2311 2397 2466 2470 dia-

375 2510 659 2606 gonalis
705 2509 1044 2606 quadrati
1079 2534 1125 2584 a
1157 2512 1435 2609 majore
1483 2524 1869 2609 segmento
1904 2510 2025 2600 Be,
2063 2511 2469 2607 eademque

376 2633 601 2696 reetae
664 2622 794 2695 BD
857 2623 1110 2698 divisae
1159 2636 1488 2698 extrema
1544 2636 1621 2698 et
1671 2625 1916 2698 media
1965 2625 2249 2698 ratione
2304 2646 2470 2720 seg-

379 2745 708 2807 mentum
764 2737 1042 2832 majus;
1097 2762 1267 2809 cum
1320 2762 1410 2810 ex
1462 2762 1550 2811 eo
1596 2738 1793 2833 quod
1849 2737 1946 2810 sit
2010 2749 2472 2833 segmentum

377 2849 615 2943 majus
650 2848 1042 2922 difficulter
1075 2851 1193 2923 vel
1242 2874 1394 2923 non
1445 2851 1745 2923 omnino
1782 2850 2271 2923 demonstrari
2305 2873 2471 2945 pos-

379 2961 495 3050 sit,
531 2961 770 3057 primo
805 2963 1230 3036 mechanice
1281 2964 1490 3036 illum
1524 2987 1872 3059 comparo
1910 2987 2078 3036 cum
2115 2973 2320 3036 recta
2354 2962 2474 3035 FE

378 3075 493 3147 vel
519 3075 677 3165 AB,
707 3087 781 3150 et
815 3075 1016 3148 illam
1044 3076 1336 3148 invenio
1364 3076 1722 3173 proxime,
1752 3088 1826 3150 et
1861 3076 2018 3149 sine
2055 3076 2476 3149 differentia

379 3190 726 3279 sensibili,
763 3189 1115 3264 accedere
1141 3189 1235 3262 ad
1270 3189 1855 3285 magnitudinem
1879 3200 2104 3263 rectae
2133 3189 2285 3278 FK,
2308 3214 2474 3285 quae

378 3314 489 3375 est
518 3303 719 3376 sinus
747 3314 993 3377 rectus
1022 3311 1120 3378 60
1149 3302 1534 3399 graduum.
1614 3304 1871 3398 Itaque
1899 3303 2114 3399 juxta
2138 3303 2475 3399 regulam

378 3416 789 3513 analyticae,
843 3440 1177 3513 suppono
1239 3414 1702 3511 diagonalem
1759 3417 1877 3489 Βλ
1933 3438 2090 3489 6556
2145 3415 2283 3512 ipsi
2339 3415 2471 3487 FK

379 3529 758 3624 aequalem.
865 3528 1246 3603 Calculum
1291 3541 1540 3602 autem
1579 3530 1772 3603 ineo.
1878 3529 2344 3604 Quadratum
2379 3530 2471 3603 ab

381 3642 509 3714 FK
577 3641 859 3740 aequale
928 3653 1042 3716 est
1109 3641 1430 3716 sedecim
1500 3642 1880 3739 quadratis
1933 3667 1979 3715 a
2037 3654 2299 3738 quarta
2358 3641 2472 3715 sui

380 3766 614 3850 parte.
700 3756 897 3851 Ergo
931 3755 1371 3852 quadratum
1407 3778 1453 3827 a
1487 3754 1856 3851 diagonali
1884 3755 2015 3828 BD
2044 3755 2323 3851 aequale
2359 3767 2472 3827 est

384 3874 478 3939 32
516 3863 895 3961 quadratis
929 3893 973 3941 a
1008 3880 1272 3965 quarta
1303 3879 1516 3964 parte
1552 3868 1804 3940 lateris
1840 3868 1973 3940 AB
2007 3868 2121 3940 vel
2164 3867 2302 3940 FE.

482 3980 577 4052 Et
614 3982 955 4075 quoniam
992 3982 1430 4077 quadratum
1465 4004 1511 4053 a
1547 3980 1665 4053 Βλ
1702 3981 2141 4075 supponitur
2191 3979 2470 4074 aequale

384 4092 745 4186 quadrato
780 4094 873 4165 ab
909 4095 1061 4184 FK,
1100 4094 1177 4167 id
1224 4105 1334 4167 est
1389 4094 1624 4166 tribus
1659 4092 2034 4190 quadratis
2070 4116 2114 4164 a
2167 4091 2473 4164 dimidia

381 4206 539 4297 AB,
578 4206 655 4279 id
692 4219 803 4279 est
845 4206 1232 4280 duodecim
1281 4207 1661 4303 quadratis
1696 4232 1742 4280 a
1776 4217 2042 4304 quarta
2090 4214 2300 4301 parte
2336 4204 2469 4276 AB

382 4320 499 4392 vel
534 4321 677 4409 EF,
713 4320 854 4394 erit
914 4344 1201 4416 quoque
1258 4317 1697 4417 quadratum
1736 4345 1781 4395 a
1818 4321 1936 4394 Βλ
1974 4319 2253 4414 aequale
2288 4317 2472 4390 duo-

2078 4454 2126 4504 B
2160 4454 2206 4504 B
2249 4452 2278 4495 2
