3094 5125
274 724 409 764 CAP.
439 724 480 764 1.

217 853 285 896 De
305 852 530 910 gravitate.

603 515 748 581 308
1147 524 1709 578 PROBLEMATA
1749 525 2133 577 Pnrsch.

605 695 902 770 cadenti
971 693 1199 790 lapidi
1267 719 1459 768 nova
1517 695 1880 791 contingit
1945 692 2349 790 impressio,
2410 716 2683 765 novum

603 810 828 882 etiam
856 808 1126 904 ubique
1161 808 1448 881 accidet
1481 809 2014 882 incrementum
2047 806 2476 881 velocitatis.

707 921 803 994 A.
859 922 976 993 Ita
1010 933 1210 993 certe
1245 921 1557 995 videtur.
1662 921 1855 993 Nam
1912 921 2345 993 acceleratio
2402 931 2685 1015 tempo-

606 1036 808 1109 ribus
843 1034 1243 1130 aequalibus
1278 1057 1566 1130 semper
1600 1046 1711 1107 est
1757 1033 2105 1129 aequalis:
2161 1033 2266 1106 ita
2318 1044 2404 1105 ut
2450 1032 2687 1129 spatia

607 1171 977 1244 percursa,
1025 1147 1085 1219 si
1138 1146 1496 1243 incipiant
1540 1171 1587 1219 a
1642 1146 1910 1242 quiete,
1975 1146 2124 1219 sint
2177 1147 2254 1218 in
2316 1145 2688 1240 duplicata

611 1263 895 1335 ratione
930 1273 1340 1357 temporum
1375 1260 1794 1356 ubicunque
1830 1272 2142 1355 sumpta,
2181 1271 2265 1332 ut
2310 1271 2688 1332 ostensum

612 1387 722 1449 est
750 1399 796 1447 a
822 1374 1121 1447 Galile0.
1199 1374 1433 1446 Video
1469 1385 1718 1445 autem
1743 1372 1916 1446 hinc
1951 1372 2414 1469 phaenomeni
2450 1372 2689 1467 cujus-

614 1489 784 1562 dam
850 1487 1312 1577 solutionem,
1386 1510 1604 1581 quam
1675 1497 1845 1558 ante
1913 1486 2162 1558 videre
2230 1508 2378 1557 non
2451 1484 2685 1580 potui.

614 1602 774 1675 Scis
804 1601 948 1674 duo
982 1600 1301 1696 pendula
1334 1599 1795 1696 longitudine
1829 1598 2159 1695 aequalia,
2196 1599 2257 1671 si
2301 1623 2347 1671 a
2379 1621 2690 1694 perpen-

616 1714 858 1788 diculo
927 1737 1059 1809 per
1126 1714 1431 1808 angulos
1502 1713 1817 1808 aequales
1879 1713 2092 1785 simul
2152 1723 2689 1799 removeantur,

614 1828 878 1901 itiones
914 1839 991 1899 et
1027 1826 1428 1900 reditiones
1470 1826 1685 1899 simul
1730 1825 1996 1899 facere.
2098 1826 2195 1898 Et
2249 1849 2691 1922 quamquam

616 1965 830 2014 arcus
869 1964 1053 2036 quos
1101 1951 1305 2013 motu
1353 1964 1483 2013 suo
1532 1940 1980 2028 describunt,
2018 1940 2369 2013 continuo
2404 1940 2694 2012 decres-

618 2067 814 2142 cant,
889 2066 1179 2152 tempus
1251 2065 1499 2127 tamen
1579 2054 1655 2125 in
1716 2076 1862 2148 quo
1918 2055 2232 2149 majores
2291 2077 2505 2125 arcus
2566 2053 2693 2125 de-

620 2168 1064 2255 scribuntur,
1119 2167 1433 2263 tempori
1492 2167 1569 2240 in
1623 2191 1767 2262 quo
1818 2166 2332 2240 describuntur
2377 2165 2694 2239 minores

621 2290 734 2352 est
766 2280 1068 2376 aequale.

721 2392 816 2465 B.
875 2393 991 2465 Ita
1026 2402 1161 2466 est.
1263 2392 1600 2465 Vidistin’
1633 2415 1960 2487 unquam
2004 2393 2577 2489 experimentum
2615 2391 2693 2464 in

618 2531 764 2604 quo
801 2504 981 2578 illud
1017 2528 1270 2578 verum
1305 2528 1454 2577 non
1490 2504 1705 2579 erat?

718 2618 810 2691 A.
863 2617 1131 2690 Etiam.
1236 2618 1428 2690 Nam
1464 2618 1524 2691 si
1568 2618 2053 2714 pendulorum
2105 2620 2417 2692 alterum
2450 2644 2497 2691 a
2529 2644 2696 2716 per-

619 2730 1010 2827 pendiculo
1048 2728 1444 2816 dimoveaS,
1492 2730 1807 2826 exempli
1858 2754 2100 2820 causa,
2160 2755 2293 2827 per
2346 2733 2696 2826 angulum

623 2853 719 2918 80
752 2842 1140 2940 graduum,
1203 2842 1515 2915 alterum
1564 2867 1696 2940 per
1754 2843 2103 2939 angulum
2143 2851 2240 2918 60
2287 2845 2693 2939 graduum:

623 2969 800 3029 tunc
837 2956 1101 3030 itiones
1137 2968 1213 3029 et
1247 2956 1641 3029 reditiones
1677 2981 1827 3029 non
1860 2957 2074 3029 simul
2107 2959 2313 3030 fient.

718 3071 816 3142 B.
873 3070 1019 3143 Sed
1064 3070 1318 3143 inferri
1368 3071 1542 3143 hinc
1599 3095 1747 3143 non
1804 3082 2068 3167 potest,
2122 3070 2317 3167 quod
2368 3082 2701 3168 tempora

619 3183 1008 3278 inaequalia
1044 3195 1259 3255 erunt
1296 3182 1589 3277 quando
1623 3183 1874 3278 anguli
1910 3195 2082 3256 sunt
2116 3183 2454 3279 aequales.

722 3296 817 3368 A.
875 3295 1023 3369 Sed
1106 3296 1398 3391 quando
1468 3295 1719 3390 anguli
1787 3307 1959 3369 sunt
2017 3296 2434 3392 inaequaleS,
2504 3296 2699 3370 unde

625 3408 897 3481 accidit
930 3408 1387 3503 inaequalitas
1419 3420 1836 3504 temporum
1866 3408 1891 3480 ἓ

719 3520 815 3592 B.
870 3521 985 3593 Ab
1022 3523 1183 3618 ipsa
1216 3523 1710 3619 inaequalitate
1746 3522 2204 3618 angulorum.
2259 3522 2446 3595 Nam
2488 3546 2700 3595 arcus

621 3657 804 3730 quos
862 3633 1164 3723 faciunt,
1231 3646 1404 3707 sunt
1462 3626 1701 3731 spatia
1756 3659 1920 3731 quae
1988 3647 2567 3731 percurruntur:
2622 3637 2701 3708 in

621 3748 886 3844 quibus
951 3747 1353 3844 pendulum
1423 3749 1620 3844 quod
1679 3772 1724 3820 a
1784 3750 2061 3844 majore
2130 3749 2518 3822 altitudine
2576 3749 2702 3821 de-

620 3860 928 3949 scendit,
966 3860 1286 3933 velocius
1325 3873 1665 3934 movetur
1701 3885 1921 3958 quam
1959 3862 2155 3958 quod
2185 3887 2230 3935 a
2264 3862 2566 3935 minore.

721 3975 818 4047 A.
876 3973 1062 4048 Quae
1097 3974 1449 4046 hactenus
1484 3973 1757 4061 dixisti,
1793 3973 2006 4047 facile
2042 3973 2286 4063 cred0,
2323 3975 2415 4047 ab
2467 3976 2704 4048 omni-

614 4087 753 4159 bus
804 4087 1299 4183 recipientur:
1351 4087 1493 4159 nisi
1542 4087 1741 4183 quod
1795 4088 2076 4161 telluris
2137 4112 2304 4160 cum
2356 4089 2565 4185 pelve
2626 4100 2702 4162 et

616 4201 859 4274 cribro
920 4199 1370 4295 comparatio
1426 4201 1605 4297 ipsa,
1659 4202 2064 4297 phantasiae
2108 4203 2354 4298 potius
2417 4203 2703 4276 soboles

615 4338 835 4410 quam
873 4313 1173 4386 rationis
1213 4335 1371 4385 esse
1410 4314 1641 4387 videri
1687 4315 1938 4410 possit.
2044 4315 2312 4388 Nonne
2366 4317 2542 4390 satis
2591 4329 2701 4390 est

616 4424 816 4521 quod
869 4426 1136 4513 telluri,
1175 4450 1396 4521 quam
1431 4427 1807 4522 quiescere
1844 4427 2358 4502 existimabant
2390 4442 2696 4519 vetereS,

616 4538 949 4612 dedimus
990 4538 1429 4635 jampridem
1480 4552 1762 4613 motum
1811 4563 2030 4637 super
2092 4555 2425 4614 centrum
2483 4565 2698 4616 suum
