<?xml version="1.0" encoding="UTF-8"?>
<!DOCTYPE html PUBLIC "-//W3C//DTD XHTML 1.0 Transitional//EN"
    "http://www.w3.org/TR/xhtml1/DTD/xhtml1-transitional.dtd">
<html xmlns="http://www.w3.org/1999/xhtml" xml:lang="en" lang="en">
 <head>
  <title>
</title>
<meta http-equiv="Content-Type" content="text/html;charset=utf-8" />
  <meta name='ocr-system' content='tesseract 3.04.00' />
  <meta name='ocr-capabilities' content='ocr_page ocr_carea ocr_par ocr_line ocrx_word'/>
</head>
<body>
  <div class='ocr_page' id='page_1' title='image "./thomhobbesmalme02molegoog_0440.png"; bbox 0 0 3094 5125; ppageno 0'>
   <div class='ocr_carea' id='block_1_1' title="bbox 698 496 2510 566">
    <p class='ocr_par' dir='ltr' id='par_1_1' title="bbox 698 496 2510 566">
     <span class='ocr_line' id='line_1_1' title="bbox 698 496 2510 566; baseline 0.001 -1"><span class='ocrx_word' id='word_1_1' title='bbox 698 496 849 565; x_wconf 62' lang='grc'><strong>428</strong></span> <span class='ocrx_word' id='word_1_2' title='bbox 985 512 1093 563; x_wconf 77' lang='lat' dir='ltr'><strong>1)ss</strong></span> <span class='ocrx_word' id='word_1_3' title='bbox 1133 512 1598 565; x_wconf 83' lang='lat' dir='ltr'>PRINCIPIIS</span> <span class='ocrx_word' id='word_1_4' title='bbox 1637 514 1742 566; x_wconf 79' lang='lat' dir='ltr'><strong>ET</strong></span> <span class='ocrx_word' id='word_1_5' title='bbox 1781 514 2510 566; x_wconf 79' lang='lat' dir='ltr'>RATIOCINATIONE</span> 
     </span>
    </p>
   </div>
   <div class='ocr_carea' id='block_1_2' title="bbox 304 677 2816 2110">
    <p class='ocr_par' dir='ltr' id='par_1_2' title="bbox 304 677 2816 2110">
     <span class='ocr_line' id='line_1_2' title="bbox 312 677 2816 778; baseline 0.004 -33"><span class='ocrx_word' id='word_1_6' title='bbox 312 706 451 748; x_wconf 65' lang='lat' dir='ltr'><strong>cn.</strong></span> <span class='ocrx_word' id='word_1_7' title='bbox 480 707 607 748; x_wconf 74' lang='lat' dir='ltr'><strong>nv.</strong></span> <span class='ocrx_word' id='word_1_8' title='bbox 697 677 1079 778; x_wconf 75' lang='lat' dir='ltr'><strong><em>exprimit,</em></strong></span> <span class='ocrx_word' id='word_1_9' title='bbox 1112 703 1263 752; x_wconf 93' lang='lat' dir='ltr'><strong>non</strong></span> <span class='ocrx_word' id='word_1_10' title='bbox 1298 689 1501 754; x_wconf 90' lang='lat' dir='ltr'><strong>recte</strong></span> <span class='ocrx_word' id='word_1_11' title='bbox 1534 692 1783 753; x_wconf 90' lang='lat' dir='ltr'><strong>autem</strong></span> <span class='ocrx_word' id='word_1_12' title='bbox 1817 680 2264 754; x_wconf 83' lang='lat' dir='ltr'><strong>arithmetici</strong></span> <span class='ocrx_word' id='word_1_13' title='bbox 2299 680 2566 753; x_wconf 86' lang='lat' dir='ltr'><strong>dicunt</strong></span> <span class='ocrx_word' id='word_1_14' title='bbox 2601 705 2816 769; x_wconf 81' lang='lat' dir='ltr'><strong>esse,</strong></span> 
     </span>
     <span class='ocr_line' id='line_1_3' title="bbox 304 776 2812 890; baseline 0.002 -27"><span class='ocrx_word' id='word_1_15' title='bbox 304 776 614 883; x_wconf 53' lang='lat' dir='ltr'><strong>„m</strong></span> <span class='ocrx_word' id='word_1_16' title='bbox 700 814 986 889; x_wconf 83' lang='lat' dir='ltr'>nempe,</span> <span class='ocrx_word' id='word_1_17' title='bbox 1014 791 1467 887; x_wconf 90' lang='lat' dir='ltr'><strong>quotientem</strong></span> <span class='ocrx_word' id='word_1_18' title='bbox 1504 792 1884 867; x_wconf 84' lang='lat' dir='ltr'><strong>divisionis</strong></span> <span class='ocrx_word' id='word_1_19' title='bbox 1917 794 2208 867; x_wconf 88' lang='lat' dir='ltr'><strong>numeri</strong></span> <span class='ocrx_word' id='word_1_20' title='bbox 2240 818 2374 890; x_wconf 89' lang='lat' dir='ltr'><strong>per</strong></span> <span class='ocrx_word' id='word_1_21' title='bbox 2398 817 2812 868; x_wconf 88' lang='lat' dir='ltr'><strong>numerum</strong></span> 
     </span>
     <span class='ocr_line' id='line_1_4' title="bbox 305 902 2808 1001; baseline 0.003 -26"><span class='ocrx_word' id='word_1_22' title='bbox 305 902 492 948; x_wconf 72' lang='lat'><strong>⁰⁸¹⁰¹²¹⁰·</strong></span> <span class='ocrx_word' id='word_1_23' title='bbox 698 928 856 978; x_wconf 89' lang='lat' dir='ltr'><strong>esse</strong></span> <span class='ocrx_word' id='word_1_24' title='bbox 924 906 1290 978; x_wconf 88' lang='lat' dir='ltr'><strong>rationem</strong></span> <span class='ocrx_word' id='word_1_25' title='bbox 1357 906 1593 1001; x_wconf 83' lang='lat' dir='ltr'><strong>ipsam</strong></span> <span class='ocrx_word' id='word_1_26' title='bbox 1662 906 1876 979; x_wconf 90' lang='lat' dir='ltr'><strong>divisi</strong></span> <span class='ocrx_word' id='word_1_27' title='bbox 1941 906 2038 979; x_wconf 86' lang='lat' dir='ltr'><strong>ad</strong></span> <span class='ocrx_word' id='word_1_28' title='bbox 2098 906 2493 980; x_wconf 85' lang='lat' dir='ltr'><strong>divisorem</strong></span> <span class='ocrx_word' id='word_1_29' title='bbox 2516 935 2539 981; x_wconf 71' lang='grc' dir='ltr'>ε</span> <span class='ocrx_word' id='word_1_30' title='bbox 2594 907 2808 982; x_wconf 89' lang='lat' dir='ltr'><strong>unde</strong></span> 
     </span>
     <span class='ocr_line' id='line_1_5' title="bbox 692 1018 2808 1117; baseline 0.002 -27"><span class='ocrx_word' id='word_1_31' title='bbox 692 1018 932 1091; x_wconf 87' lang='lat' dir='ltr'><strong>multa</strong></span> <span class='ocrx_word' id='word_1_32' title='bbox 962 1019 1039 1091; x_wconf 91' lang='lat' dir='ltr'><strong>in</strong></span> <span class='ocrx_word' id='word_1_33' title='bbox 1073 1019 1561 1115; x_wconf 81' lang='lat' dir='ltr'><strong>geometriam</strong></span> <span class='ocrx_word' id='word_1_34' title='bbox 1595 1019 2049 1114; x_wconf 86' lang='lat' dir='ltr'><strong>irrepserunt</strong></span> <span class='ocrx_word' id='word_1_35' title='bbox 2089 1020 2428 1111; x_wconf 84' lang='lat' dir='ltr'><strong>absurda,</strong></span> <span class='ocrx_word' id='word_1_36' title='bbox 2465 1035 2544 1094; x_wconf 88' lang='lat' dir='ltr'><strong>et</strong></span> <span class='ocrx_word' id='word_1_37' title='bbox 2577 1021 2808 1117; x_wconf 84' lang='lat' dir='ltr'><strong>plura</strong></span> 
     </span>
     <span class='ocr_line' id='line_1_6' title="bbox 691 1130 2802 1231; baseline 0.001 -26"><span class='ocrx_word' id='word_1_38' title='bbox 691 1130 931 1205; x_wconf 90' lang='lat' dir='ltr'><strong>indies</strong></span> <span class='ocrx_word' id='word_1_39' title='bbox 955 1144 1497 1228; x_wconf 88' lang='lat' dir='ltr'><strong>consequentur</strong></span> <span class='ocrx_word' id='word_1_40' title='bbox 1520 1166 1541 1217; x_wconf 87' lang='lat'>;</span> <span class='ocrx_word' id='word_1_41' title='bbox 1583 1156 1898 1227; x_wconf 90' lang='lat' dir='ltr'><strong>quorum</strong></span> <span class='ocrx_word' id='word_1_42' title='bbox 1920 1157 2145 1207; x_wconf 87' lang='lat' dir='ltr'><strong>causa</strong></span> <span class='ocrx_word' id='word_1_43' title='bbox 2169 1158 2438 1230; x_wconf 86' lang='lat' dir='ltr'><strong>magna</strong></span> <span class='ocrx_word' id='word_1_44' title='bbox 2462 1158 2553 1207; x_wconf 81' lang='lat' dir='ltr'><strong>ex</strong></span> <span class='ocrx_word' id='word_1_45' title='bbox 2576 1148 2802 1231; x_wconf 85' lang='lat' dir='ltr'><strong>parte</strong></span> 
     </span>
     <span class='ocr_line' id='line_1_7' title="bbox 695 1243 2801 1341; baseline 0.002 -25"><span class='ocrx_word' id='word_1_46' title='bbox 695 1243 837 1316; x_wconf 82' lang='lat' dir='ltr'><strong>fuit</strong></span> <span class='ocrx_word' id='word_1_47' title='bbox 888 1244 1125 1317; x_wconf 86' lang='lat' dir='ltr'><strong>Clavii</strong></span> <span class='ocrx_word' id='word_1_48' title='bbox 1179 1245 1339 1318; x_wconf 81' lang='lat' dir='ltr'><strong>haec</strong></span> <span class='ocrx_word' id='word_1_49' title='bbox 1386 1245 1789 1341; x_wconf 88' lang='lat' dir='ltr'><strong>impropria</strong></span> <span class='ocrx_word' id='word_1_50' title='bbox 1842 1246 2139 1320; x_wconf 84' lang='lat' dir='ltr'><strong>locutio.</strong></span> <span class='ocrx_word' id='word_1_51' title='bbox 2246 1247 2505 1322; x_wconf 77' lang='lat' dir='ltr'><strong>Qualis</strong></span> <span class='ocrx_word' id='word_1_52' title='bbox 2559 1248 2801 1321; x_wconf 83' lang='lat' dir='ltr'><strong>etiam</strong></span> 
     </span>
     <span class='ocr_line' id='line_1_8' title="bbox 692 1356 2799 1459; baseline 0.003 -33"><span class='ocrx_word' id='word_1_53' title='bbox 692 1356 989 1429; x_wconf 87' lang='lat' dir='ltr'><strong>videtur</strong></span> <span class='ocrx_word' id='word_1_54' title='bbox 1042 1357 1179 1430; x_wconf 92' lang='lat' dir='ltr'><strong>tibi</strong></span> <span class='ocrx_word' id='word_1_55' title='bbox 1232 1358 1394 1431; x_wconf 81' lang='lat' dir='ltr'><strong>haec</strong></span> <span class='ocrx_word' id='word_1_56' title='bbox 1454 1358 1693 1432; x_wconf 90' lang='lat' dir='ltr'><strong>oratio</strong></span> <span class='ocrx_word' id='word_1_57' title='bbox 1749 1358 1828 1431; x_wconf 88' lang='lat' dir='ltr'><strong>in</strong></span> <span class='ocrx_word' id='word_1_58' title='bbox 1881 1359 2457 1433; x_wconf 83' lang='lat' dir='ltr'><strong>mathematicis:</strong></span> <span class='ocrx_word' id='word_1_59' title='bbox 2506 1373 2799 1459; x_wconf 78' lang='lat' dir='ltr'><strong>quanta</strong></span> 
     </span>
     <span class='ocr_line' id='line_1_9' title="bbox 693 1468 2802 1569; baseline 0.004 -30"><span class='ocrx_word' id='word_1_60' title='bbox 693 1468 800 1540; x_wconf 86' lang='lat' dir='ltr'><strong>sit</strong></span> <span class='ocrx_word' id='word_1_61' title='bbox 832 1469 1264 1568; x_wconf 83' lang='lat' dir='ltr'><strong>magnitudo</strong></span> <span class='ocrx_word' id='word_1_62' title='bbox 1299 1469 1744 1544; x_wconf 72' lang='lat' dir='ltr'><strong>antecedens</strong></span> <span class='ocrx_word' id='word_1_63' title='bbox 1780 1470 1889 1543; x_wconf 86' lang='lat' dir='ltr'><strong>ad</strong></span> <span class='ocrx_word' id='word_1_64' title='bbox 1933 1482 2475 1569; x_wconf 71' lang='lat' dir='ltr'><strong>consequentem</strong></span> <span class='ocrx_word' id='word_1_65' title='bbox 2497 1478 2542 1547; x_wconf 66' lang='grc' dir='ltr'><strong><em>ἓ</em></strong></span> <span class='ocrx_word' id='word_1_66' title='bbox 2645 1474 2802 1548; x_wconf 87' lang='lat' dir='ltr'><strong>De-</strong></span> 
     </span>
     <span class='ocr_line' id='line_1_10' title="bbox 694 1583 2798 1683; baseline 0.003 -28"><span class='ocrx_word' id='word_1_67' title='bbox 694 1583 919 1657; x_wconf 88' lang='lat' dir='ltr'><strong>bebat</strong></span> <span class='ocrx_word' id='word_1_68' title='bbox 986 1585 1181 1658; x_wconf 89' lang='lat' dir='ltr'><strong>enim</strong></span> <span class='ocrx_word' id='word_1_69' title='bbox 1252 1585 1521 1671; x_wconf 85' lang='lat' dir='ltr'><strong>dicere,</strong></span> <span class='ocrx_word' id='word_1_70' title='bbox 1577 1594 1862 1683; x_wconf 90' lang='lat' dir='ltr'><strong>quanta</strong></span> <span class='ocrx_word' id='word_1_71' title='bbox 1920 1595 2036 1657; x_wconf 89' lang='lat' dir='ltr'><strong>est</strong></span> <span class='ocrx_word' id='word_1_72' title='bbox 2090 1586 2527 1683; x_wconf 79' lang='lat' dir='ltr'><strong>magnitudo</strong></span> <span class='ocrx_word' id='word_1_73' title='bbox 2577 1596 2798 1660; x_wconf 85' lang='lat' dir='ltr'><strong>ante-</strong></span> 
     </span>
     <span class='ocr_line' id='line_1_11' title="bbox 696 1697 2796 1796; baseline 0.002 -28"><span class='ocrx_word' id='word_1_74' title='bbox 696 1697 959 1770; x_wconf 82' lang='lat' dir='ltr'><strong>cedens</strong></span> <span class='ocrx_word' id='word_1_75' title='bbox 1003 1707 1084 1770; x_wconf 92' lang='lat' dir='ltr'><strong>ut</strong></span> <span class='ocrx_word' id='word_1_76' title='bbox 1118 1706 1559 1796; x_wconf 85' lang='lat' dir='ltr'><strong>comparata</strong></span> <span class='ocrx_word' id='word_1_77' title='bbox 1594 1722 1754 1771; x_wconf 85' lang='lat' dir='ltr'><strong>cum</strong></span> <span class='ocrx_word' id='word_1_78' title='bbox 1806 1708 2310 1796; x_wconf 70' lang='lat' dir='ltr'><strong>consequente,</strong></span> <span class='ocrx_word' id='word_1_79' title='bbox 2347 1698 2462 1771; x_wconf 89' lang='lat' dir='ltr'><strong>vel</strong></span> <span class='ocrx_word' id='word_1_80' title='bbox 2506 1709 2796 1796; x_wconf 83' lang='lat' dir='ltr'><strong>quanta</strong></span> 
     </span>
     <span class='ocr_line' id='line_1_12' title="bbox 690 1810 2796 1910; baseline 0.001 -29"><span class='ocrx_word' id='word_1_81' title='bbox 690 1818 808 1881; x_wconf 88' lang='lat' dir='ltr'><strong>est</strong></span> <span class='ocrx_word' id='word_1_82' title='bbox 853 1810 1049 1883; x_wconf 88' lang='lat' dir='ltr'><strong>ratio</strong></span> <span class='ocrx_word' id='word_1_83' title='bbox 1098 1810 1643 1908; x_wconf 87' lang='lat' dir='ltr'><strong>magnitudinis</strong></span> <span class='ocrx_word' id='word_1_84' title='bbox 1693 1810 2202 1883; x_wconf 81' lang='lat' dir='ltr'><strong>antecedentis</strong></span> <span class='ocrx_word' id='word_1_85' title='bbox 2252 1810 2361 1884; x_wconf 89' lang='lat' dir='ltr'><strong>ad</strong></span> <span class='ocrx_word' id='word_1_86' title='bbox 2407 1812 2796 1910; x_wconf 80' lang='lat' dir='ltr'><strong>magnitu-</strong></span> 
     </span>
     <span class='ocr_line' id='line_1_13' title="bbox 696 1922 2791 2020; baseline 0.001 -24"><span class='ocrx_word' id='word_1_87' title='bbox 696 1923 938 1997; x_wconf 85' lang='lat' dir='ltr'><strong>dinem</strong></span> <span class='ocrx_word' id='word_1_88' title='bbox 972 1932 1544 2020; x_wconf 72' lang='lat' dir='ltr'><strong>consequentem.</strong></span> <span class='ocrx_word' id='word_1_89' title='bbox 1623 1923 1794 1996; x_wconf 88' lang='lat' dir='ltr'><strong>Scio</strong></span> <span class='ocrx_word' id='word_1_90' title='bbox 1821 1922 2158 1996; x_wconf 88' lang='lat' dir='ltr'><strong>Clavium</strong></span> <span class='ocrx_word' id='word_1_91' title='bbox 2192 1922 2463 2020; x_wconf 83' lang='lat' dir='ltr'><strong>linguae</strong></span> <span class='ocrx_word' id='word_1_92' title='bbox 2498 1924 2791 1999; x_wconf 82' lang='lat' dir='ltr'><strong>Latinae</strong></span> 
     </span>
     <span class='ocr_line' id='line_1_14' title="bbox 694 2034 2790 2110; baseline 0.001 -2"><span class='ocrx_word' id='word_1_93' title='bbox 694 2035 1264 2110; x_wconf 88' lang='lat' dir='ltr'><strong>scientissimum</strong></span> <span class='ocrx_word' id='word_1_94' title='bbox 1297 2036 1571 2110; x_wconf 86' lang='lat' dir='ltr'><strong>fuisse:</strong></span> <span class='ocrx_word' id='word_1_95' title='bbox 1624 2035 1756 2110; x_wconf 89' lang='lat' dir='ltr'><strong>sed</strong></span> <span class='ocrx_word' id='word_1_96' title='bbox 1787 2034 1961 2108; x_wconf 87' lang='lat' dir='ltr'><strong>huic</strong></span> <span class='ocrx_word' id='word_1_97' title='bbox 2012 2035 2208 2109; x_wconf 90' lang='lat' dir='ltr'><strong>illius</strong></span> <span class='ocrx_word' id='word_1_98' title='bbox 2266 2038 2655 2110; x_wconf 85' lang='lat' dir='ltr'><strong>sententiae</strong></span> <span class='ocrx_word' id='word_1_99' title='bbox 2691 2037 2790 2110; x_wconf 87' lang='lat' dir='ltr'><strong>de</strong></span> 
     </span>
    </p>
   </div>
   <div class='ocr_carea' id='block_1_3' title="bbox 695 2148 2790 2247">
    <p class='ocr_par' dir='ltr' id='par_1_3' title="bbox 695 2148 2790 2247">
     <span class='ocr_line' id='line_1_15' title="bbox 695 2148 2790 2247; baseline 0.001 -26"><span class='ocrx_word' id='word_1_100' title='bbox 695 2148 1226 2247; x_wconf 88' lang='lat' dir='ltr'><strong>compositione</strong></span> <span class='ocrx_word' id='word_1_101' title='bbox 1261 2149 1633 2224; x_wconf 90' lang='lat' dir='ltr'><strong>rationum</strong></span> <span class='ocrx_word' id='word_1_102' title='bbox 1685 2148 1983 2222; x_wconf 85' lang='lat' dir='ltr'><strong>inimica</strong></span> <span class='ocrx_word' id='word_1_103' title='bbox 2018 2164 2180 2222; x_wconf 82' lang='lat' dir='ltr'><strong>erat.</strong></span> <span class='ocrx_word' id='word_1_104' title='bbox 2208 2150 2525 2225; x_wconf 86' lang='lat' dir='ltr'><strong>elocutio</strong></span> <span class='ocrx_word' id='word_1_105' title='bbox 2560 2150 2790 2223; x_wconf 86' lang='lat' dir='ltr'><strong>clara.</strong></span> 
     </span>
    </p>
   </div>
   <div class='ocr_carea' id='block_1_4' title="bbox 1544 2436 1938 2445">
    <p class='ocr_par' dir='ltr' id='par_1_4' title="bbox 1544 2436 1938 2445">
     <span class='ocr_line' id='line_1_16' title="bbox 1544 2436 1938 2445; baseline -0.003 0"><span class='ocrx_word' id='word_1_106' title='bbox 1544 2436 1938 2445; x_wconf 71' lang='lat' dir='ltr'><strong>--———--——a-</strong></span> 
     </span>
    </p>
   </div>
   <div class='ocr_carea' id='block_1_5' title="bbox 1525 2658 1954 2732">
    <p class='ocr_par' dir='ltr' id='par_1_5' title="bbox 1525 2658 1954 2732">
     <span class='ocr_line' id='line_1_17' title="bbox 1525 2658 1954 2732; baseline 0.002 -1"><span class='ocrx_word' id='word_1_107' title='bbox 1525 2658 1731 2731; x_wconf 90' lang='lat' dir='ltr'><strong>CAP.</strong></span> <span class='ocrx_word' id='word_1_108' title='bbox 1788 2658 1954 2732; x_wconf 89' lang='lat' dir='ltr'><strong>XV.</strong></span> 
     </span>
    </p>
   </div>
   <div class='ocr_carea' id='block_1_6' title="bbox 1063 2831 2412 2885">
    <p class='ocr_par' dir='ltr' id='par_1_6' title="bbox 1063 2831 2412 2885">
     <span class='ocr_line' id='line_1_18' title="bbox 1063 2831 2412 2885; baseline 0.001 -1"><span class='ocrx_word' id='word_1_109' title='bbox 1063 2831 1326 2884; x_wconf 78' lang='lat' dir='ltr'><strong>E&#39;rIAM</strong></span> <span class='ocrx_word' id='word_1_110' title='bbox 1370 2833 1474 2883; x_wconf 82' lang='lat' dir='ltr'><strong>DE</strong></span> <span class='ocrx_word' id='word_1_111' title='bbox 1515 2832 1966 2885; x_wconf 79' lang='lat' dir='ltr'>RATIONUM</span> <span class='ocrx_word' id='word_1_112' title='bbox 2008 2831 2412 2885; x_wconf 80' lang='lat' dir='ltr'><strong>CALCULO.</strong></span> 
     </span>
    </p>
   </div>
   <div class='ocr_carea' id='block_1_7' title="bbox 670 2947 2781 4501">
    <p class='ocr_par' dir='ltr' id='par_1_7' title="bbox 676 2947 2781 3838">
     <span class='ocr_line' id='line_1_19' title="bbox 680 2947 2780 3043; baseline -0.001 -19"><span class='ocrx_word' id='word_1_113' title='bbox 680 2951 1062 3024; x_wconf 75' lang='lat' dir='ltr'><strong>CLAans</strong></span> <span class='ocrx_word' id='word_1_114' title='bbox 1102 2973 1190 3022; x_wconf 85' lang='lat' dir='ltr'><strong>ex</strong></span> <span class='ocrx_word' id='word_1_115' title='bbox 1227 2949 1366 3021; x_wconf 88' lang='lat' dir='ltr'><strong>hac</strong></span> <span class='ocrx_word' id='word_1_116' title='bbox 1403 2948 1836 3022; x_wconf 87' lang='lat' dir='ltr'><strong>definitione</strong></span> <span class='ocrx_word' id='word_1_117' title='bbox 1871 2948 2134 3043; x_wconf 87' lang='lat' dir='ltr'><strong>quinta</strong></span> <span class='ocrx_word' id='word_1_118' title='bbox 2177 2947 2542 3022; x_wconf 88' lang='lat' dir='ltr'><strong>Elementi</strong></span> <span class='ocrx_word' id='word_1_119' title='bbox 2591 2948 2780 3021; x_wconf 81' lang='lat' dir='ltr'><strong>sexti</strong></span> 
     </span>
     <span class='ocr_line' id='line_1_20' title="bbox 685 3060 2781 3160; baseline -0.001 -24"><span class='ocrx_word' id='word_1_120' title='bbox 685 3076 893 3140; x_wconf 86' lang='lat' dir='ltr'><strong>recte</strong></span> <span class='ocrx_word' id='word_1_121' title='bbox 926 3063 1174 3152; x_wconf 89' lang='lat' dir='ltr'><strong>infert,</strong></span> <span class='ocrx_word' id='word_1_122' title='bbox 1212 3062 1407 3160; x_wconf 90' lang='lat' dir='ltr'><strong>quod</strong></span> <span class='ocrx_word' id='word_1_123' title='bbox 1435 3062 1509 3135; x_wconf 88' lang='lat' dir='ltr'><strong>in</strong></span> <span class='ocrx_word' id='word_1_124' title='bbox 1545 3060 2185 3160; x_wconf 73' lang='lat' dir='ltr'><strong>magnitudinibus</strong></span> <span class='ocrx_word' id='word_1_125' title='bbox 2233 3061 2781 3159; x_wconf 83' lang='lat' dir='ltr'><strong>quibuscunque</strong></span> 
     </span>
     <span class='ocr_line' id='line_1_21' title="bbox 677 3173 2778 3277; baseline -0.001 -28"><span class='ocrx_word' id='word_1_126' title='bbox 677 3178 957 3252; x_wconf 81' lang='lat' dir='ltr'><strong>ordine</strong></span> <span class='ocrx_word' id='word_1_127' title='bbox 974 3177 1283 3277; x_wconf 89' lang='lat' dir='ltr'><strong>positis,</strong></span> <span class='ocrx_word' id='word_1_128' title='bbox 1309 3176 1709 3275; x_wconf 80' lang='lat' dir='ltr'><strong>proportio</strong></span> <span class='ocrx_word' id='word_1_129' title='bbox 1741 3175 2028 3274; x_wconf 83' lang='lat' dir='ltr'><strong>primae</strong></span> <span class='ocrx_word' id='word_1_130' title='bbox 2062 3174 2175 3248; x_wconf 88' lang='lat' dir='ltr'><strong>ad</strong></span> <span class='ocrx_word' id='word_1_131' title='bbox 2206 3173 2538 3248; x_wconf 85' lang='lat' dir='ltr'><strong>ultimam</strong></span> <span class='ocrx_word' id='word_1_132' title='bbox 2583 3175 2778 3248; x_wconf 88' lang='lat' dir='ltr'><strong>dice-</strong></span> 
     </span>
     <span class='ocr_line' id='line_1_22' title="bbox 690 3286 2776 3390; baseline -0.002 -25"><span class='ocrx_word' id='word_1_133' title='bbox 690 3302 815 3365; x_wconf 89' lang='lat' dir='ltr'><strong>tur</strong></span> <span class='ocrx_word' id='word_1_134' title='bbox 847 3292 1186 3390; x_wconf 75' lang='lat' dir='ltr'><strong>componi·</strong></span> <span class='ocrx_word' id='word_1_135' title='bbox 1222 3316 1320 3364; x_wconf 77' lang='lat' dir='ltr'><strong>ex</strong></span> <span class='ocrx_word' id='word_1_136' title='bbox 1357 3289 1861 3388; x_wconf 81' lang='lat' dir='ltr'><strong>proportione</strong></span> <span class='ocrx_word' id='word_1_137' title='bbox 1900 3286 2170 3386; x_wconf 83' lang='lat' dir='ltr'><strong>primoe</strong></span> <span class='ocrx_word' id='word_1_138' title='bbox 2215 3289 2325 3362; x_wconf 86' lang='lat' dir='ltr'><strong>ad</strong></span> <span class='ocrx_word' id='word_1_139' title='bbox 2359 3288 2776 3378; x_wconf 86' lang='lat' dir='ltr'><strong>secundam,</strong></span> 
     </span>
     <span class='ocr_line' id='line_1_23' title="bbox 676 3400 2777 3498; baseline -0.002 -20"><span class='ocrx_word' id='word_1_140' title='bbox 676 3415 763 3478; x_wconf 82' lang='lat' dir='ltr'><strong>·et</strong></span> <span class='ocrx_word' id='word_1_141' title='bbox 798 3404 1139 3478; x_wconf 82' lang='lat' dir='ltr'><strong>secundoe</strong></span> <span class='ocrx_word' id='word_1_142' title='bbox 1171 3405 1281 3478; x_wconf 86' lang='lat' dir='ltr'><strong>ad</strong></span> <span class='ocrx_word' id='word_1_143' title='bbox 1308 3403 1629 3491; x_wconf 87' lang='lat' dir='ltr'><strong>tertiam,</strong></span> <span class='ocrx_word' id='word_1_144' title='bbox 1664 3410 1740 3474; x_wconf 89' lang='lat' dir='ltr'><strong>et</strong></span> <span class='ocrx_word' id='word_1_145' title='bbox 1777 3403 2028 3474; x_wconf 82' lang='lat' dir='ltr'><strong>tertioe</strong></span> <span class='ocrx_word' id='word_1_146' title='bbox 2076 3400 2188 3473; x_wconf 86' lang='lat' dir='ltr'><strong>ad</strong></span> <span class='ocrx_word' id='word_1_147' title='bbox 2228 3411 2594 3498; x_wconf 88' lang='lat' dir='ltr'><strong>quartam,</strong></span> <span class='ocrx_word' id='word_1_148' title='bbox 2637 3411 2777 3474; x_wconf 89' lang='lat' dir='ltr'><strong>etc.</strong></span> 
     </span>
     <span class='ocr_line' id='line_1_24' title="bbox 676 3514 2778 3614; baseline -0.002 -23"><span class='ocrx_word' id='word_1_149' title='bbox 676 3519 923 3614; x_wconf 82' lang='lat' dir='ltr'><strong>Cujus</strong></span> <span class='ocrx_word' id='word_1_150' title='bbox 991 3519 1212 3591; x_wconf 88' lang='lat' dir='ltr'><strong>etiam</strong></span> <span class='ocrx_word' id='word_1_151' title='bbox 1281 3515 1947 3591; x_wconf 86' lang='lat' dir='ltr'><strong>demonstrationes</strong></span> <span class='ocrx_word' id='word_1_152' title='bbox 2032 3514 2313 3611; x_wconf 85' lang='lat' dir='ltr'><strong>aliquot</strong></span> <span class='ocrx_word' id='word_1_153' title='bbox 2379 3514 2621 3589; x_wconf 87' lang='lat' dir='ltr'><strong>adfert</strong></span> <span class='ocrx_word' id='word_1_154' title='bbox 2686 3538 2778 3587; x_wconf 82' lang='lat' dir='ltr'><strong>ex</strong></span> 
     </span>
     <span class='ocr_line' id='line_1_25' title="bbox 676 3628 2778 3724; baseline -0.002 -18"><span class='ocrx_word' id='word_1_155' title='bbox 676 3632 1011 3722; x_wconf 72' lang='lat' dir='ltr'><strong>.Theone‚</strong></span> <span class='ocrx_word' id='word_1_156' title='bbox 1054 3632 1471 3719; x_wconf 90' lang='lat' dir='ltr'><strong>Vitellione,</strong></span> <span class='ocrx_word' id='word_1_157' title='bbox 1524 3629 1833 3703; x_wconf 88' lang='lat' dir='ltr'><strong>Eutocio</strong></span> <span class='ocrx_word' id='word_1_158' title='bbox 1895 3639 1973 3702; x_wconf 86' lang='lat' dir='ltr'><strong>et</strong></span> <span class='ocrx_word' id='word_1_159' title='bbox 2025 3628 2418 3724; x_wconf 91' lang='lat' dir='ltr'><strong>Apollonio</strong></span> <span class='ocrx_word' id='word_1_160' title='bbox 2449 3658 2471 3702; x_wconf 74' lang='lat' dir='ltr'><em>z</em></span> <span class='ocrx_word' id='word_1_161' title='bbox 2530 3630 2637 3703; x_wconf 85' lang='lat' dir='ltr'><strong>ita</strong></span> <span class='ocrx_word' id='word_1_162' title='bbox 2692 3638 2778 3701; x_wconf 85' lang='lat' dir='ltr'><strong>ut</strong></span> 
     </span>
     <span class='ocr_line' id='line_1_26' title="bbox 686 3742 2478 3838; baseline -0.003 -17"><span class='ocrx_word' id='word_1_163' title='bbox 686 3747 891 3821; x_wconf 92' lang='lat' dir='ltr'><strong>nullo</strong></span> <span class='ocrx_word' id='word_1_164' title='bbox 937 3745 1159 3820; x_wconf 88' lang='lat' dir='ltr'><strong>modo</strong></span> <span class='ocrx_word' id='word_1_165' title='bbox 1194 3745 1525 3818; x_wconf 87' lang='lat' dir='ltr'><strong>a.Clavio</strong></span> <span class='ocrx_word' id='word_1_166' title='bbox 1561 3742 1815 3838; x_wconf 84' lang='lat' dir='ltr'><strong>negari</strong></span> <span class='ocrx_word' id='word_1_167' title='bbox 1851 3742 2108 3838; x_wconf 87' lang='lat' dir='ltr'><strong>possit,</strong></span> <span class='ocrx_word' id='word_1_168' title='bbox 2149 3742 2276 3837; x_wconf 91' lang='lat' dir='ltr'><strong>qui</strong></span> <span class='ocrx_word' id='word_1_169' title='bbox 2312 3766 2478 3815; x_wconf 90' lang='lat' dir='ltr'><strong>ean-</strong></span> 
     </span>
    </p>

    <p class='ocr_par' dir='ltr' id='par_1_8' title="bbox 670 3853 2720 4501">
     <span class='ocr_line' id='line_1_27' title="bbox 674 3853 2720 3953; baseline -0.004 -19"><span class='ocrx_word' id='word_1_170' title='bbox 674 3861 860 3934; x_wconf 78' lang='lat' dir='ltr'><strong>dem</strong></span> <span class='ocrx_word' id='word_1_171' title='bbox 896 3861 973 3934; x_wconf 92' lang='lat' dir='ltr'><strong>in</strong></span> <span class='ocrx_word' id='word_1_172' title='bbox 1011 3858 1334 3932; x_wconf 88' lang='lat' dir='ltr'><strong>numeris</strong></span> <span class='ocrx_word' id='word_1_173' title='bbox 1367 3881 1503 3953; x_wconf 91' lang='lat' dir='ltr'><strong>pro</strong></span> <span class='ocrx_word' id='word_1_174' title='bbox 1540 3855 1968 3929; x_wconf 89' lang='lat' dir='ltr'><strong>definitione</strong></span> <span class='ocrx_word' id='word_1_175' title='bbox 2002 3854 2099 3929; x_wconf 90' lang='lat' dir='ltr'><strong>ad</strong></span> <span class='ocrx_word' id='word_1_176' title='bbox 2125 3853 2359 3928; x_wconf 89' lang='lat' dir='ltr'><strong>Elem.</strong></span> <span class='ocrx_word' id='word_1_177' title='bbox 2381 3855 2481 3928; x_wconf 84' lang='lat' dir='ltr'><strong>vii</strong></span> <span class='ocrx_word' id='word_1_178' title='bbox 2549 3867 2584 3901; x_wconf 63' lang='grc' dir='ltr'><strong>Α</strong></span> <span class='ocrx_word' id='word_1_179' title='bbox 2611 3866 2645 3900; x_wconf 83' lang='lat'><strong>¹³</strong></span> <span class='ocrx_word' id='word_1_180' title='bbox 2688 3867 2720 3902; x_wconf 78' lang='lat'><strong>⁰</strong></span> 
     </span>
     <span class='ocr_line' id='line_1_28' title="bbox 688 3967 2478 4070; baseline -0.005 -22"><span class='ocrx_word' id='word_1_181' title='bbox 688 3975 960 4070; x_wconf 89' lang='lat' dir='ltr'><strong>posuit.</strong></span> <span class='ocrx_word' id='word_1_182' title='bbox 1095 3974 1351 4067; x_wconf 86' lang='lat' dir='ltr'><strong>Itaque</strong></span> <span class='ocrx_word' id='word_1_183' title='bbox 1419 3970 1497 4042; x_wconf 90' lang='lat' dir='ltr'><strong>in</strong></span> <span class='ocrx_word' id='word_1_184' title='bbox 1566 3968 1802 4043; x_wconf 91' lang='lat' dir='ltr'><strong>tribus</strong></span> <span class='ocrx_word' id='word_1_185' title='bbox 1859 3968 2072 4041; x_wconf 90' lang='lat' dir='ltr'><strong>lineis</strong></span> <span class='ocrx_word' id='word_1_186' title='bbox 2126 3967 2217 4057; x_wconf 83' lang='lat' dir='ltr'><strong>A,</strong></span> <span class='ocrx_word' id='word_1_187' title='bbox 2273 3967 2358 4057; x_wconf 93' lang='grc' dir='ltr'><strong>Β,</strong></span> <span class='ocrx_word' id='word_1_188' title='bbox 2417 3968 2478 4040; x_wconf 92' lang='lat' dir='ltr'>C</span> 
     </span>
     <span class='ocr_line' id='line_1_29' title="bbox 671 4081 2481 4182; baseline -0.004 -22"><span class='ocrx_word' id='word_1_189' title='bbox 671 4086 945 4160; x_wconf 82' lang='lat' dir='ltr'><strong>-ordine</strong></span> <span class='ocrx_word' id='word_1_190' title='bbox 1000 4084 1372 4182; x_wconf 75' lang='lat' dir='ltr'><strong>expositiS,</strong></span> <span class='ocrx_word' id='word_1_191' title='bbox 1433 4083 1621 4156; x_wconf 88' lang='lat' dir='ltr'><strong>ratio</strong></span> <span class='ocrx_word' id='word_1_192' title='bbox 1674 4083 1740 4155; x_wconf 91' lang='lat' dir='ltr'><strong>A</strong></span> <span class='ocrx_word' id='word_1_193' title='bbox 1774 4081 1872 4154; x_wconf 89' lang='lat' dir='ltr'><strong>ad</strong></span> <span class='ocrx_word' id='word_1_194' title='bbox 1908 4081 1975 4154; x_wconf 82' lang='lat' dir='ltr'>C</span> <span class='ocrx_word' id='word_1_195' title='bbox 2014 4081 2481 4176; x_wconf 86' lang='lat' dir='ltr'><strong>componitur</strong></span> 
     </span>
     <span class='ocr_line' id='line_1_30' title="bbox 679 4194 2478 4274; baseline -0.004 -1"><span class='ocrx_word' id='word_1_196' title='bbox 679 4224 779 4274; x_wconf 77' lang='lat' dir='ltr'><strong>,ex</strong></span> <span class='ocrx_word' id='word_1_197' title='bbox 826 4199 1233 4273; x_wconf 89' lang='lat' dir='ltr'><strong>rationibus</strong></span> <span class='ocrx_word' id='word_1_198' title='bbox 1283 4199 1353 4270; x_wconf 80' lang='lat' dir='ltr'>A</span> <span class='ocrx_word' id='word_1_199' title='bbox 1392 4197 1489 4270; x_wconf 86' lang='lat' dir='ltr'><strong>ad</strong></span> <span class='ocrx_word' id='word_1_200' title='bbox 1527 4197 1588 4270; x_wconf 93' lang='lat' dir='ltr'><strong>B</strong></span> <span class='ocrx_word' id='word_1_201' title='bbox 1625 4207 1701 4269; x_wconf 87' lang='lat' dir='ltr'><strong>et</strong></span> <span class='ocrx_word' id='word_1_202' title='bbox 1730 4195 1790 4268; x_wconf 94' lang='lat' dir='ltr'><strong>B</strong></span> <span class='ocrx_word' id='word_1_203' title='bbox 1825 4194 1922 4269; x_wconf 90' lang='lat' dir='ltr'><strong>ad</strong></span> <span class='ocrx_word' id='word_1_204' title='bbox 1958 4194 2062 4268; x_wconf 85' lang='lat' dir='ltr'><strong>C:</strong></span> <span class='ocrx_word' id='word_1_205' title='bbox 2115 4207 2193 4267; x_wconf 90' lang='lat' dir='ltr'><strong>et</strong></span> <span class='ocrx_word' id='word_1_206' title='bbox 2225 4216 2478 4266; x_wconf 88' lang='lat' dir='ltr'><strong>rursus</strong></span> 
     </span>
     <span class='ocr_line' id='line_1_31' title="bbox 670 4305 2477 4407; baseline -0.003 -20"><span class='ocrx_word' id='word_1_207' title='bbox 670 4313 876 4387; x_wconf 81' lang='lat' dir='ltr'><strong>-ratio</strong></span> <span class='ocrx_word' id='word_1_208' title='bbox 912 4313 973 4385; x_wconf 89' lang='lat' dir='ltr'>C</span> <span class='ocrx_word' id='word_1_209' title='bbox 1005 4313 1101 4386; x_wconf 87' lang='lat' dir='ltr'><strong>ad</strong></span> <span class='ocrx_word' id='word_1_210' title='bbox 1130 4313 1199 4386; x_wconf 82' lang='lat' dir='ltr'>A</span> <span class='ocrx_word' id='word_1_211' title='bbox 1231 4310 1702 4407; x_wconf 88' lang='lat' dir='ltr'><strong>componitur</strong></span> <span class='ocrx_word' id='word_1_212' title='bbox 1738 4333 1829 4383; x_wconf 83' lang='lat' dir='ltr'><strong>ex</strong></span> <span class='ocrx_word' id='word_1_213' title='bbox 1864 4308 2151 4383; x_wconf 89' lang='lat' dir='ltr'><strong>ratione</strong></span> <span class='ocrx_word' id='word_1_214' title='bbox 2188 4307 2247 4382; x_wconf 90' lang='lat' dir='ltr'>C</span> <span class='ocrx_word' id='word_1_215' title='bbox 2280 4305 2378 4381; x_wconf 85' lang='lat' dir='ltr'><strong>ad</strong></span> <span class='ocrx_word' id='word_1_216' title='bbox 2415 4307 2477 4382; x_wconf 90' lang='lat' dir='ltr'><strong>B</strong></span> 
     </span>
     <span class='ocr_line' id='line_1_32' title="bbox 671 4423 1513 4501; baseline 0.001 -7"><span class='ocrx_word' id='word_1_217' title='bbox 671 4440 767 4501; x_wconf 76' lang='lat' dir='ltr'><strong>et</strong></span> <span class='ocrx_word' id='word_1_218' title='bbox 800 4427 1086 4500; x_wconf 88' lang='lat' dir='ltr'><strong>ratione</strong></span> <span class='ocrx_word' id='word_1_219' title='bbox 1121 4425 1181 4498; x_wconf 94' lang='lat' dir='ltr'><strong>B</strong></span> <span class='ocrx_word' id='word_1_220' title='bbox 1216 4423 1312 4499; x_wconf 91' lang='lat' dir='ltr'><strong>ad</strong></span> <span class='ocrx_word' id='word_1_221' title='bbox 1348 4424 1443 4497; x_wconf 89' lang='lat' dir='ltr'><strong>A.</strong></span> <span class='ocrx_word' id='word_1_222' title='bbox 1506 4483 1513 4494; x_wconf 90' lang='lat'><strong>.</strong></span> 
     </span>
    </p>
   </div>
   <div class='ocr_carea' id='block_1_8' title="bbox 2621 3915 2633 4178">
    <p class='ocr_par' dir='ltr' id='par_1_9' title="bbox 2621 3915 2633 4178">
     <span class='ocr_line' id='line_1_33' title="bbox 2621 3915 2633 4178; baseline 0 947"><span class='ocrx_word' id='word_1_223' title='bbox 2621 3915 2633 4178; x_wconf 95' lang='lat' dir='ltr'><strong> </strong></span> 
     </span>
    </p>
   </div>
   <div class='ocr_carea' id='block_1_9' title="bbox 2547 3916 2560 4256">
    <p class='ocr_par' dir='ltr' id='par_1_10' title="bbox 2547 3916 2560 4256">
     <span class='ocr_line' id='line_1_34' title="bbox 2547 3916 2560 4256; baseline 0 869"><span class='ocrx_word' id='word_1_224' title='bbox 2547 3916 2560 4256; x_wconf 95' lang='lat' dir='ltr'><strong> </strong></span> 
     </span>
    </p>
   </div>
   <div class='ocr_carea' id='block_1_10' title="bbox 2696 3919 2707 4374">
    <p class='ocr_par' dir='ltr' id='par_1_11' title="bbox 2696 3919 2707 4374">
     <span class='ocr_line' id='line_1_35' title="bbox 2696 3919 2707 4374; baseline 0 751"><span class='ocrx_word' id='word_1_225' title='bbox 2696 3919 2707 4374; x_wconf 95' lang='lat' dir='ltr'><strong> </strong></span> 
     </span>
    </p>
   </div>
  </div>
 </body>
</html>
