<?xml version="1.0" encoding="UTF-8"?>
<!DOCTYPE html PUBLIC "-//W3C//DTD XHTML 1.0 Transitional//EN"
    "http://www.w3.org/TR/xhtml1/DTD/xhtml1-transitional.dtd">
<html xmlns="http://www.w3.org/1999/xhtml" xml:lang="en" lang="en">
 <head>
  <title>
</title>
<meta http-equiv="Content-Type" content="text/html;charset=utf-8" />
  <meta name='ocr-system' content='tesseract 3.04.00' />
  <meta name='ocr-capabilities' content='ocr_page ocr_carea ocr_par ocr_line ocrx_word'/>
</head>
<body>
  <div class='ocr_page' id='page_1' title='image "./thomhobbesmalme02molegoog_0405.png"; bbox 0 0 3094 5125; ppageno 0'>
   <div class='ocr_carea' id='block_1_1' title="bbox 1063 485 2431 553">
    <p class='ocr_par' dir='ltr' id='par_1_1' title="bbox 1063 485 2431 553">
     <span class='ocr_line' id='line_1_1' title="bbox 1063 485 2431 553; baseline -0.002 0"><span class='ocrx_word' id='word_1_1' title='bbox 1063 497 1735 553; x_wconf 66' lang='lat' dir='ltr'><strong>annuns-Anum,</strong></span> <span class='ocrx_word' id='word_1_2' title='bbox 2286 485 2431 550; x_wconf 85' lang='lat'><strong>393</strong></span> 
     </span>
    </p>
   </div>
   <div class='ocr_carea' id='block_1_2' title="bbox 1180 765 1615 966">
    <p class='ocr_par' dir='ltr' id='par_1_2' title="bbox 1180 765 1615 966">
     <span class='ocr_line' id='line_1_2' title="bbox 1223 765 1571 840; baseline -0.006 0"><span class='ocrx_word' id='word_1_3' title='bbox 1223 765 1433 840; x_wconf 86' lang='lat' dir='ltr'>CAP.</span> <span class='ocrx_word' id='word_1_4' title='bbox 1469 765 1571 839; x_wconf 92' lang='grc' dir='ltr'><strong>ΙΙ.</strong></span> 
     </span>
     <span class='ocr_line' id='line_1_3' title="bbox 1180 912 1615 966; baseline -0.002 0"><span class='ocrx_word' id='word_1_5' title='bbox 1180 913 1289 966; x_wconf 76' lang='lat' dir='ltr'><strong>nn</strong></span> <span class='ocrx_word' id='word_1_6' title='bbox 1328 912 1615 966; x_wconf 72' lang='grc' dir='ltr'><strong>ιῙΝΕΑ.</strong></span> 
     </span>
    </p>
   </div>
   <div class='ocr_carea' id='block_1_3' title="bbox 353 1016 2436 4593">
    <p class='ocr_par' dir='ltr' id='par_1_3' title="bbox 355 1016 2436 2335">
     <span class='ocr_line' id='line_1_4' title="bbox 360 1016 2434 1116; baseline -0 -24"><span class='ocrx_word' id='word_1_7' title='bbox 360 1019 726 1109; x_wconf 77' lang='lat' dir='ltr'><strong>LINEAM,</strong></span> <span class='ocrx_word' id='word_1_8' title='bbox 764 1017 1022 1092; x_wconf 88' lang='lat' dir='ltr'><strong>definit</strong></span> <span class='ocrx_word' id='word_1_9' title='bbox 1072 1018 1439 1108; x_wconf 83' lang='lat' dir='ltr'><strong>Euclides,</strong></span> <span class='ocrx_word' id='word_1_10' title='bbox 1475 1016 2011 1116; x_wconf 79' lang='lat' dir='ltr'><em>longitudinem</em></span> <span class='ocrx_word' id='word_1_11' title='bbox 2059 1041 2225 1090; x_wconf 71' lang='lat' dir='ltr'><strong>esse</strong></span> <span class='ocrx_word' id='word_1_12' title='bbox 2269 1017 2434 1091; x_wconf 71' lang='lat' dir='ltr'><strong>sine</strong></span> 
     </span>
     <span class='ocr_line' id='line_1_5' title="bbox 361 1130 2431 1222; baseline -0.001 -16"><span class='ocrx_word' id='word_1_13' title='bbox 361 1132 780 1207; x_wconf 80' lang='lat' dir='ltr'><strong>latitudine.</strong></span> <span class='ocrx_word' id='word_1_14' title='bbox 885 1133 1204 1222; x_wconf 85' lang='lat' dir='ltr'><strong>Scilicet,</strong></span> <span class='ocrx_word' id='word_1_15' title='bbox 1264 1132 1767 1206; x_wconf 84' lang='lat' dir='ltr'><strong>conformatur</strong></span> <span class='ocrx_word' id='word_1_16' title='bbox 1819 1132 1979 1206; x_wconf 85' lang='lat' dir='ltr'><strong>haec</strong></span> <span class='ocrx_word' id='word_1_17' title='bbox 2032 1130 2129 1204; x_wconf 86' lang='lat' dir='ltr'><strong>ad</strong></span> <span class='ocrx_word' id='word_1_18' title='bbox 2177 1130 2431 1204; x_wconf 90' lang='lat' dir='ltr'><strong>defini-</strong></span> 
     </span>
     <span class='ocr_line' id='line_1_6' title="bbox 357 1243 2434 1344; baseline -0 -25"><span class='ocrx_word' id='word_1_19' title='bbox 357 1247 636 1319; x_wconf 83' lang='lat' dir='ltr'><strong>tionem</strong></span> <span class='ocrx_word' id='word_1_20' title='bbox 696 1246 975 1342; x_wconf 89' lang='lat' dir='ltr'><strong>puncti,</strong></span> <span class='ocrx_word' id='word_1_21' title='bbox 1038 1258 1113 1320; x_wconf 89' lang='lat' dir='ltr'><strong>et</strong></span> <span class='ocrx_word' id='word_1_22' title='bbox 1166 1256 1559 1344; x_wconf 89' lang='lat' dir='ltr'><strong>propterea</strong></span> <span class='ocrx_word' id='word_1_23' title='bbox 1607 1245 1863 1319; x_wconf 87' lang='lat' dir='ltr'><strong>eadem</strong></span> <span class='ocrx_word' id='word_1_24' title='bbox 1913 1244 2157 1318; x_wconf 93' lang='lat' dir='ltr'><strong>omnia</strong></span> <span class='ocrx_word' id='word_1_25' title='bbox 2208 1243 2434 1318; x_wconf 88' lang='lat' dir='ltr'><strong>habet</strong></span> 
     </span>
     <span class='ocr_line' id='line_1_7' title="bbox 359 1357 2433 1433; baseline -0.001 -1"><span class='ocrx_word' id='word_1_26' title='bbox 359 1360 563 1433; x_wconf 86' lang='lat' dir='ltr'><strong>vitia.</strong></span> <span class='ocrx_word' id='word_1_27' title='bbox 665 1359 860 1432; x_wconf 90' lang='lat' dir='ltr'><strong>Nam</strong></span> <span class='ocrx_word' id='word_1_28' title='bbox 892 1371 980 1433; x_wconf 88' lang='lat' dir='ltr'><strong>ut</strong></span> <span class='ocrx_word' id='word_1_29' title='bbox 1015 1373 1350 1433; x_wconf 82' lang='lat' dir='ltr'><strong>centrum</strong></span> <span class='ocrx_word' id='word_1_30' title='bbox 1385 1358 1641 1432; x_wconf 88' lang='lat' dir='ltr'><strong>circuli</strong></span> <span class='ocrx_word' id='word_1_31' title='bbox 1669 1357 2018 1432; x_wconf 87' lang='lat' dir='ltr'><strong>dividitur</strong></span> <span class='ocrx_word' id='word_1_32' title='bbox 2050 1380 2097 1429; x_wconf 87' lang='lat' dir='ltr'><strong>a</strong></span> <span class='ocrx_word' id='word_1_33' title='bbox 2128 1357 2433 1429; x_wconf 89' lang='lat' dir='ltr'><strong>sectori-</strong></span> 
     </span>
     <span class='ocr_line' id='line_1_8' title="bbox 357 1469 2435 1569; baseline -0.001 -24"><span class='ocrx_word' id='word_1_34' title='bbox 357 1471 495 1545; x_wconf 88' lang='lat' dir='ltr'><strong>bus</strong></span> <span class='ocrx_word' id='word_1_35' title='bbox 540 1472 615 1545; x_wconf 92' lang='lat' dir='ltr'><strong>in</strong></span> <span class='ocrx_word' id='word_1_36' title='bbox 661 1484 904 1568; x_wconf 89' lang='lat' dir='ltr'><strong>partes</strong></span> <span class='ocrx_word' id='word_1_37' title='bbox 940 1473 1321 1569; x_wconf 85' lang='lat' dir='ltr'><strong>quotlibet,</strong></span> <span class='ocrx_word' id='word_1_38' title='bbox 1358 1473 1464 1546; x_wconf 87' lang='lat' dir='ltr'><strong>ita</strong></span> <span class='ocrx_word' id='word_1_39' title='bbox 1512 1472 1735 1546; x_wconf 85' lang='lat' dir='ltr'><strong>etiam</strong></span> <span class='ocrx_word' id='word_1_40' title='bbox 1781 1482 2148 1545; x_wconf 89' lang='lat' dir='ltr'><strong>sectorum</strong></span> <span class='ocrx_word' id='word_1_41' title='bbox 2204 1469 2435 1543; x_wconf 85' lang='lat' dir='ltr'><strong>latera</strong></span> 
     </span>
     <span class='ocr_line' id='line_1_9' title="bbox 359 1584 2436 1675; baseline -0.001 -17"><span class='ocrx_word' id='word_1_42' title='bbox 359 1584 789 1659; x_wconf 89' lang='lat' dir='ltr'><strong>dividuntur</strong></span> <span class='ocrx_word' id='word_1_43' title='bbox 822 1587 1224 1675; x_wconf 89' lang='lat' dir='ltr'><strong>secundum</strong></span> <span class='ocrx_word' id='word_1_44' title='bbox 1269 1585 1756 1662; x_wconf 87' lang='lat' dir='ltr'><strong>latitudinem.</strong></span> <span class='ocrx_word' id='word_1_45' title='bbox 1860 1585 2054 1658; x_wconf 89' lang='lat' dir='ltr'><strong>Nam</strong></span> <span class='ocrx_word' id='word_1_46' title='bbox 2089 1584 2152 1657; x_wconf 88' lang='lat' dir='ltr'><strong>si</strong></span> <span class='ocrx_word' id='word_1_47' title='bbox 2193 1595 2436 1657; x_wconf 85' lang='lat' dir='ltr'><strong>sector</strong></span> 
     </span>
     <span class='ocr_line' id='line_1_10' title="bbox 359 1698 2434 1794; baseline -0.001 -23"><span class='ocrx_word' id='word_1_48' title='bbox 359 1698 664 1794; x_wconf 91' lang='lat' dir='ltr'><strong>quilibet</strong></span> <span class='ocrx_word' id='word_1_49' title='bbox 711 1698 1077 1772; x_wconf 84' lang='lat' dir='ltr'><strong>dividatur</strong></span> <span class='ocrx_word' id='word_1_50' title='bbox 1132 1700 1211 1772; x_wconf 90' lang='lat' dir='ltr'><strong>in</strong></span> <span class='ocrx_word' id='word_1_51' title='bbox 1264 1700 1445 1773; x_wconf 92' lang='lat' dir='ltr'><strong>duos</strong></span> <span class='ocrx_word' id='word_1_52' title='bbox 1492 1711 1836 1783; x_wconf 78' lang='lat' dir='ltr'><strong>sectoreS,</strong></span> <span class='ocrx_word' id='word_1_53' title='bbox 1888 1721 2199 1794; x_wconf 89' lang='lat' dir='ltr'><strong>quorum</strong></span> <span class='ocrx_word' id='word_1_54' title='bbox 2242 1720 2434 1770; x_wconf 90' lang='lat' dir='ltr'><strong>unus</strong></span> 
     </span>
     <span class='ocr_line' id='line_1_11' title="bbox 358 1810 2433 1908; baseline 0.001 -25"><span class='ocrx_word' id='word_1_55' title='bbox 358 1810 556 1907; x_wconf 89' lang='lat' dir='ltr'><strong>apud</strong></span> <span class='ocrx_word' id='word_1_56' title='bbox 591 1822 667 1885; x_wconf 91' lang='lat' dir='ltr'><strong>te</strong></span> <span class='ocrx_word' id='word_1_57' title='bbox 703 1823 918 1902; x_wconf 87' lang='lat' dir='ltr'><strong>esset,</strong></span> <span class='ocrx_word' id='word_1_58' title='bbox 953 1812 1140 1885; x_wconf 89' lang='lat' dir='ltr'><strong>alter</strong></span> <span class='ocrx_word' id='word_1_59' title='bbox 1184 1812 1383 1908; x_wconf 87' lang='lat' dir='ltr'><strong>apud</strong></span> <span class='ocrx_word' id='word_1_60' title='bbox 1414 1836 1558 1901; x_wconf 89' lang='lat' dir='ltr'><strong>me,</strong></span> <span class='ocrx_word' id='word_1_61' title='bbox 1592 1812 1902 1886; x_wconf 85' lang='lat' dir='ltr'><strong>haberet</strong></span> <span class='ocrx_word' id='word_1_62' title='bbox 1939 1823 2252 1907; x_wconf 86' lang='lat' dir='ltr'><strong>uterque</strong></span> <span class='ocrx_word' id='word_1_63' title='bbox 2287 1810 2433 1885; x_wconf 91' lang='lat' dir='ltr'><strong>duo</strong></span> 
     </span>
     <span class='ocr_line' id='line_1_12' title="bbox 355 1921 2434 2021; baseline 0 -26"><span class='ocrx_word' id='word_1_64' title='bbox 355 1921 634 1996; x_wconf 86' lang='lat' dir='ltr'><strong>latera:</strong></span> <span class='ocrx_word' id='word_1_65' title='bbox 673 1934 748 1998; x_wconf 88' lang='lat' dir='ltr'><strong>et</strong></span> <span class='ocrx_word' id='word_1_66' title='bbox 779 1937 1190 2021; x_wconf 88' lang='lat' dir='ltr'><strong>propterea,</strong></span> <span class='ocrx_word' id='word_1_67' title='bbox 1214 1925 1364 1998; x_wconf 89' lang='lat' dir='ltr'><strong>sive</strong></span> <span class='ocrx_word' id='word_1_68' title='bbox 1388 1924 1582 1998; x_wconf 90' lang='lat' dir='ltr'><strong>latus</strong></span> <span class='ocrx_word' id='word_1_69' title='bbox 1611 1923 1792 1997; x_wconf 92' lang='lat' dir='ltr'><strong>illud</strong></span> <span class='ocrx_word' id='word_1_70' title='bbox 1818 1923 2136 1997; x_wconf 89' lang='lat' dir='ltr'><strong>medium</strong></span> <span class='ocrx_word' id='word_1_71' title='bbox 2164 1923 2434 1996; x_wconf 90' lang='lat' dir='ltr'><strong>habeat</strong></span> 
     </span>
     <span class='ocr_line' id='line_1_13' title="bbox 356 2033 2433 2126; baseline 0.001 -20"><span class='ocrx_word' id='word_1_72' title='bbox 356 2033 845 2125; x_wconf 89' lang='lat' dir='ltr'><strong>latitudinem,</strong></span> <span class='ocrx_word' id='word_1_73' title='bbox 882 2037 1034 2109; x_wconf 87' lang='lat' dir='ltr'><strong>sive</strong></span> <span class='ocrx_word' id='word_1_74' title='bbox 1090 2035 1759 2126; x_wconf 90' lang='lat' dir='ltr'><strong>non-latitudinem,</strong></span> <span class='ocrx_word' id='word_1_75' title='bbox 1796 2036 1937 2108; x_wconf 89' lang='lat' dir='ltr'><strong>erit</strong></span> <span class='ocrx_word' id='word_1_76' title='bbox 1992 2034 2304 2108; x_wconf 89' lang='lat' dir='ltr'><strong>divisum</strong></span> <span class='ocrx_word' id='word_1_77' title='bbox 2356 2036 2433 2108; x_wconf 90' lang='lat' dir='ltr'><strong>in</strong></span> 
     </span>
     <span class='ocr_line' id='line_1_14' title="bbox 357 2147 2433 2246; baseline 0.002 -25"><span class='ocrx_word' id='word_1_78' title='bbox 357 2148 539 2222; x_wconf 90' lang='lat' dir='ltr'><strong>duas</strong></span> <span class='ocrx_word' id='word_1_79' title='bbox 572 2150 1016 2246; x_wconf 86' lang='lat' dir='ltr'><strong>superficies,</strong></span> <span class='ocrx_word' id='word_1_80' title='bbox 1042 2148 1159 2221; x_wconf 89' lang='lat' dir='ltr'><strong>vel</strong></span> <span class='ocrx_word' id='word_1_81' title='bbox 1186 2149 1262 2222; x_wconf 88' lang='lat' dir='ltr'><strong>in</strong></span> <span class='ocrx_word' id='word_1_82' title='bbox 1286 2148 1467 2222; x_wconf 88' lang='lat' dir='ltr'><strong>duas</strong></span> <span class='ocrx_word' id='word_1_83' title='bbox 1488 2147 2118 2245; x_wconf 89' lang='lat' dir='ltr'><strong>non-superficies.</strong></span> <span class='ocrx_word' id='word_1_84' title='bbox 2175 2147 2433 2245; x_wconf 79' lang='lat' dir='ltr'><strong>Itaque</strong></span> 
     </span>
     <span class='ocr_line' id='line_1_15' title="bbox 356 2259 1623 2335; baseline 0.002 -3"><span class='ocrx_word' id='word_1_85' title='bbox 356 2259 559 2333; x_wconf 90' lang='lat' dir='ltr'><strong>omni</strong></span> <span class='ocrx_word' id='word_1_86' title='bbox 591 2260 810 2334; x_wconf 91' lang='lat' dir='ltr'><strong>modo</strong></span> <span class='ocrx_word' id='word_1_87' title='bbox 844 2261 1038 2335; x_wconf 90' lang='lat' dir='ltr'><strong>linea</strong></span> <span class='ocrx_word' id='word_1_88' title='bbox 1072 2274 1184 2335; x_wconf 89' lang='lat' dir='ltr'><strong>est</strong></span> <span class='ocrx_word' id='word_1_89' title='bbox 1220 2261 1623 2335; x_wconf 84' lang='lat' dir='ltr'><strong>divisibilis.</strong></span> 
     </span>
    </p>

    <p class='ocr_par' dir='ltr' id='par_1_4' title="bbox 353 2371 2431 4593">
     <span class='ocr_line' id='line_1_16' title="bbox 457 2371 2430 2472; baseline 0.001 -27"><span class='ocrx_word' id='word_1_90' title='bbox 457 2371 697 2446; x_wconf 80' lang='lat' dir='ltr'><strong>Linea</strong></span> <span class='ocrx_word' id='word_1_91' title='bbox 746 2376 837 2448; x_wconf 90' lang='lat' dir='ltr'><strong>ab</strong></span> <span class='ocrx_word' id='word_1_92' title='bbox 892 2376 1052 2449; x_wconf 91' lang='lat' dir='ltr'><strong>aliis</strong></span> <span class='ocrx_word' id='word_1_93' title='bbox 1100 2374 1470 2465; x_wconf 87' lang='lat' dir='ltr'><strong>definitur,</strong></span> <span class='ocrx_word' id='word_1_94' title='bbox 1492 2373 1761 2472; x_wconf 79' lang='lat' dir='ltr'><strong>puncti</strong></span> <span class='ocrx_word' id='word_1_95' title='bbox 1798 2373 1975 2446; x_wconf 83' lang='lat' dir='ltr'><strong>moti</strong></span> <span class='ocrx_word' id='word_1_96' title='bbox 2008 2372 2430 2471; x_wconf 62' lang='lat' dir='ltr'><strong>vestigium,</strong></span> 
     </span>
     <span class='ocr_line' id='line_1_17' title="bbox 356 2486 2428 2585; baseline 0.001 -27"><span class='ocrx_word' id='word_1_97' title='bbox 356 2486 510 2558; x_wconf 89' lang='lat' dir='ltr'><strong>sive</strong></span> <span class='ocrx_word' id='word_1_98' title='bbox 543 2486 687 2560; x_wconf 86' lang='lat' dir='ltr'><strong>via.</strong></span> <span class='ocrx_word' id='word_1_99' title='bbox 789 2487 900 2560; x_wconf 92' lang='lat' dir='ltr'><strong>De</strong></span> <span class='ocrx_word' id='word_1_100' title='bbox 936 2512 1081 2585; x_wconf 91' lang='lat' dir='ltr'><strong>qua</strong></span> <span class='ocrx_word' id='word_1_101' title='bbox 1114 2488 1540 2562; x_wconf 89' lang='lat' dir='ltr'><strong>definitione</strong></span> <span class='ocrx_word' id='word_1_102' title='bbox 1577 2487 1866 2561; x_wconf 88' lang='lat' dir='ltr'><strong>Clavius</strong></span> <span class='ocrx_word' id='word_1_103' title='bbox 1902 2487 2006 2561; x_wconf 87' lang='lat' dir='ltr'><strong>sic</strong></span> <span class='ocrx_word' id='word_1_104' title='bbox 2056 2486 2428 2583; x_wconf 86' lang='lat' dir='ltr'><strong>loquitur:</strong></span> 
     </span>
     <span class='ocr_line' id='line_1_18' title="bbox 357 2599 2430 2699; baseline 0.002 -28"><span class='ocrx_word' id='word_1_105' title='bbox 357 2604 405 2637; x_wconf 90' lang='lat'><strong>“</strong></span> <span class='ocrx_word' id='word_1_106' title='bbox 429 2599 937 2675; x_wconf 80' lang='lat' dir='ltr'><strong>Mathematici</strong></span> <span class='ocrx_word' id='word_1_107' title='bbox 990 2627 1304 2699; x_wconf 91' lang='lat' dir='ltr'><strong>quoque,</strong></span> <span class='ocrx_word' id='word_1_108' title='bbox 1358 2615 1445 2676; x_wconf 89' lang='lat' dir='ltr'><strong>ut</strong></span> <span class='ocrx_word' id='word_1_109' title='bbox 1496 2602 1708 2676; x_wconf 88' lang='lat' dir='ltr'><strong>nobis</strong></span> <span class='ocrx_word' id='word_1_110' title='bbox 1763 2600 2140 2675; x_wconf 89' lang='lat' dir='ltr'><strong>inculcent</strong></span> <span class='ocrx_word' id='word_1_111' title='bbox 2184 2624 2430 2675; x_wconf 86' lang='lat' dir='ltr'><strong>veram</strong></span> 
     </span>
     <span class='ocr_line' id='line_1_19' title="bbox 355 2710 2430 2812; baseline 0.002 -30"><span class='ocrx_word' id='word_1_112' title='bbox 355 2710 568 2783; x_wconf 88' lang='lat' dir='ltr'><strong>lineae</strong></span> <span class='ocrx_word' id='word_1_113' title='bbox 635 2713 1217 2810; x_wconf 85' lang='lat' dir='ltr'><strong>intelligentiam,</strong></span> <span class='ocrx_word' id='word_1_114' title='bbox 1278 2716 1774 2812; x_wconf 81' lang='lat' dir='ltr'><strong>imaginantur</strong></span> <span class='ocrx_word' id='word_1_115' title='bbox 1842 2723 2223 2810; x_wconf 88' lang='lat' dir='ltr'><strong>punctum,</strong></span> <span class='ocrx_word' id='word_1_116' title='bbox 2275 2715 2430 2810; x_wconf 89' lang='lat' dir='ltr'><strong>jam</strong></span> 
     </span>
     <span class='ocr_line' id='line_1_20' title="bbox 357 2822 2430 2923; baseline 0.002 -28"><span class='ocrx_word' id='word_1_117' title='bbox 357 2822 806 2920; x_wconf 89' lang='lat' dir='ltr'><strong>descriptum</strong></span> <span class='ocrx_word' id='word_1_118' title='bbox 859 2828 1215 2923; x_wconf 88' lang='lat' dir='ltr'><strong>superiori</strong></span> <span class='ocrx_word' id='word_1_119' title='bbox 1270 2828 1721 2917; x_wconf 89' lang='lat' dir='ltr'><strong>definitione,</strong></span> <span class='ocrx_word' id='word_1_120' title='bbox 1758 2851 1799 2900; x_wconf 88' lang='lat' dir='ltr'><strong>e</strong></span> <span class='ocrx_word' id='word_1_121' title='bbox 1844 2827 2009 2900; x_wconf 93' lang='lat' dir='ltr'><strong>loco</strong></span> <span class='ocrx_word' id='word_1_122' title='bbox 2053 2827 2131 2899; x_wconf 93' lang='lat' dir='ltr'><strong>in</strong></span> <span class='ocrx_word' id='word_1_123' title='bbox 2187 2826 2430 2899; x_wconf 92' lang='lat' dir='ltr'><strong>locum</strong></span> 
     </span>
     <span class='ocr_line' id='line_1_21' title="bbox 354 2936 2431 3035; baseline 0.002 -26"><span class='ocrx_word' id='word_1_124' title='bbox 354 2936 654 3010; x_wconf 89' lang='lat' dir='ltr'><strong>moveri.</strong></span> <span class='ocrx_word' id='word_1_125' title='bbox 786 2937 971 3012; x_wconf 88' lang='lat' dir='ltr'><strong>Cum</strong></span> <span class='ocrx_word' id='word_1_126' title='bbox 1039 2939 1231 3011; x_wconf 90' lang='lat' dir='ltr'><strong>enim</strong></span> <span class='ocrx_word' id='word_1_127' title='bbox 1298 2953 1658 3035; x_wconf 89' lang='lat' dir='ltr'><strong>punctum</strong></span> <span class='ocrx_word' id='word_1_128' title='bbox 1727 2939 1821 3012; x_wconf 89' lang='lat' dir='ltr'><strong>sit</strong></span> <span class='ocrx_word' id='word_1_129' title='bbox 1886 2962 2181 3035; x_wconf 90' lang='lat' dir='ltr'><strong>prorsus</strong></span> <span class='ocrx_word' id='word_1_130' title='bbox 2240 2939 2431 3013; x_wconf 89' lang='lat' dir='ltr'><strong>indi-</strong></span> 
     </span>
     <span class='ocr_line' id='line_1_22' title="bbox 354 3050 2430 3147; baseline 0 -24"><span class='ocrx_word' id='word_1_131' title='bbox 354 3050 678 3141; x_wconf 87' lang='lat' dir='ltr'><strong>viduum,</strong></span> <span class='ocrx_word' id='word_1_132' title='bbox 715 3051 1167 3147; x_wconf 90' lang='lat' dir='ltr'><strong>relinquetur</strong></span> <span class='ocrx_word' id='word_1_133' title='bbox 1206 3076 1296 3124; x_wconf 85' lang='lat' dir='ltr'><strong>ex</strong></span> <span class='ocrx_word' id='word_1_134' title='bbox 1340 3076 1428 3125; x_wconf 95' lang='grc'><strong>60</strong></span> <span class='ocrx_word' id='word_1_135' title='bbox 1483 3062 1693 3126; x_wconf 89' lang='lat' dir='ltr'><strong>motu</strong></span> <span class='ocrx_word' id='word_1_136' title='bbox 1746 3051 2174 3147; x_wconf 84' lang='lat' dir='ltr'><strong>imaginario</strong></span> <span class='ocrx_word' id='word_1_137' title='bbox 2210 3053 2430 3126; x_wconf 89' lang='lat' dir='ltr'><strong>vesti-</strong></span> 
     </span>
     <span class='ocr_line' id='line_1_23' title="bbox 353 3163 2426 3260; baseline 0.001 -24"><span class='ocrx_word' id='word_1_138' title='bbox 353 3164 558 3260; x_wconf 87' lang='lat' dir='ltr'><strong>gium</strong></span> <span class='ocrx_word' id='word_1_139' title='bbox 595 3163 962 3260; x_wconf 87' lang='lat' dir='ltr'><strong>quoddam</strong></span> <span class='ocrx_word' id='word_1_140' title='bbox 1013 3164 1339 3260; x_wconf 85' lang='lat' dir='ltr'><strong>longum,</strong></span> <span class='ocrx_word' id='word_1_141' title='bbox 1375 3165 1610 3238; x_wconf 88' lang='lat' dir='ltr'><strong>omnis</strong></span> <span class='ocrx_word' id='word_1_142' title='bbox 1645 3187 1904 3259; x_wconf 86' lang='lat' dir='ltr'><strong>expers</strong></span> <span class='ocrx_word' id='word_1_143' title='bbox 1949 3164 2426 3238; x_wconf 84' lang='lat' dir='ltr'><strong>latitudinis.”</strong></span> 
     </span>
     <span class='ocr_line' id='line_1_24' title="bbox 354 3276 2429 3374; baseline 0.001 -24"><span class='ocrx_word' id='word_1_144' title='bbox 354 3277 542 3352; x_wconf 91' lang='lat' dir='ltr'><strong>Vide</strong></span> <span class='ocrx_word' id='word_1_145' title='bbox 589 3277 1300 3365; x_wconf 89' lang='lat' dir='ltr'><strong>mathematicorum,</strong></span> <span class='ocrx_word' id='word_1_146' title='bbox 1335 3276 1462 3374; x_wconf 91' lang='lat' dir='ltr'><strong>qui</strong></span> <span class='ocrx_word' id='word_1_147' title='bbox 1512 3276 1926 3350; x_wconf 91' lang='lat' dir='ltr'><strong>subtiliores</strong></span> <span class='ocrx_word' id='word_1_148' title='bbox 1974 3277 2205 3351; x_wconf 89' lang='lat' dir='ltr'><strong>multo</strong></span> <span class='ocrx_word' id='word_1_149' title='bbox 2257 3289 2429 3352; x_wconf 87' lang='lat' dir='ltr'><strong>sunt</strong></span> 
     </span>
     <span class='ocr_line' id='line_1_25' title="bbox 357 3388 2428 3487; baseline 0 -24"><span class='ocrx_word' id='word_1_150' title='bbox 357 3414 576 3486; x_wconf 89' lang='lat' dir='ltr'><strong>quam</strong></span> <span class='ocrx_word' id='word_1_151' title='bbox 611 3390 738 3487; x_wconf 90' lang='lat' dir='ltr'><strong>qui</strong></span> <span class='ocrx_word' id='word_1_152' title='bbox 773 3413 1068 3487; x_wconf 90' lang='lat' dir='ltr'><strong>operam</strong></span> <span class='ocrx_word' id='word_1_153' title='bbox 1106 3389 1469 3464; x_wconf 90' lang='lat' dir='ltr'><strong>dederunt</strong></span> <span class='ocrx_word' id='word_1_154' title='bbox 1518 3388 1777 3463; x_wconf 87' lang='lat' dir='ltr'><strong>studiis</strong></span> <span class='ocrx_word' id='word_1_155' title='bbox 1827 3398 2258 3463; x_wconf 88' lang='lat' dir='ltr'><strong>caeterarum</strong></span> <span class='ocrx_word' id='word_1_156' title='bbox 2311 3415 2428 3464; x_wconf 89' lang='lat' dir='ltr'><strong>ar-</strong></span> 
     </span>
     <span class='ocr_line' id='line_1_26' title="bbox 354 3502 2426 3594; baseline 0.001 -19"><span class='ocrx_word' id='word_1_157' title='bbox 354 3503 564 3588; x_wconf 90' lang='lat' dir='ltr'><strong>tium,</strong></span> <span class='ocrx_word' id='word_1_158' title='bbox 601 3503 931 3577; x_wconf 89' lang='lat' dir='ltr'><strong>Clavium</strong></span> <span class='ocrx_word' id='word_1_159' title='bbox 966 3503 1542 3593; x_wconf 88' lang='lat' dir='ltr'><strong>subtilissimum,</strong></span> <span class='ocrx_word' id='word_1_160' title='bbox 1579 3502 2018 3576; x_wconf 87' lang='lat' dir='ltr'><strong>scribentem</strong></span> <span class='ocrx_word' id='word_1_161' title='bbox 2051 3503 2192 3577; x_wconf 93' lang='lat' dir='ltr'><strong>hoc</strong></span> <span class='ocrx_word' id='word_1_162' title='bbox 2238 3504 2426 3594; x_wconf 82' lang='lat' dir='ltr'><strong>locu,</strong></span> 
     </span>
     <span class='ocr_line' id='line_1_27' title="bbox 354 3615 2428 3715; baseline 0.001 -29"><span class='ocrx_word' id='word_1_163' title='bbox 354 3616 742 3712; x_wconf 76' lang='lat' dir='ltr'><strong>vestigium</strong></span> <span class='ocrx_word' id='word_1_164' title='bbox 776 3616 1100 3715; x_wconf 81' lang='lat' dir='ltr'><strong>relinqui</strong></span> <span class='ocrx_word' id='word_1_165' title='bbox 1147 3615 1446 3713; x_wconf 81' lang='lat' dir='ltr'><strong>longum</strong></span> <span class='ocrx_word' id='word_1_166' title='bbox 1501 3641 1546 3687; x_wconf 85' lang='lat' dir='ltr'><strong>a</strong></span> <span class='ocrx_word' id='word_1_167' title='bbox 1599 3625 1797 3688; x_wconf 83' lang='lat' dir='ltr'><strong>motu</strong></span> <span class='ocrx_word' id='word_1_168' title='bbox 1830 3617 1988 3710; x_wconf 73' lang='lat' dir='ltr'><strong>ejus</strong></span> <span class='ocrx_word' id='word_1_169' title='bbox 2023 3615 2227 3712; x_wconf 84' lang='lat' dir='ltr'><strong>quod</strong></span> <span class='ocrx_word' id='word_1_170' title='bbox 2266 3616 2428 3690; x_wconf 80' lang='lat' dir='ltr'><strong>nul-</strong></span> 
     </span>
     <span class='ocr_line' id='line_1_28' title="bbox 354 3725 2430 3820; baseline 0.001 -21"><span class='ocrx_word' id='word_1_171' title='bbox 354 3725 505 3800; x_wconf 83' lang='lat' dir='ltr'><strong>lam</strong></span> <span class='ocrx_word' id='word_1_172' title='bbox 538 3727 754 3801; x_wconf 81' lang='lat' dir='ltr'><strong>habet</strong></span> <span class='ocrx_word' id='word_1_173' title='bbox 787 3726 1277 3817; x_wconf 82' lang='lat' dir='ltr'><strong>latitudinem,</strong></span> <span class='ocrx_word' id='word_1_174' title='bbox 1309 3728 1387 3801; x_wconf 91' lang='lat' dir='ltr'><strong>id</strong></span> <span class='ocrx_word' id='word_1_175' title='bbox 1412 3739 1549 3820; x_wconf 87' lang='lat' dir='ltr'><strong>est,</strong></span> <span class='ocrx_word' id='word_1_176' title='bbox 1578 3753 1623 3801; x_wconf 85' lang='lat' dir='ltr'><strong>a</strong></span> <span class='ocrx_word' id='word_1_177' title='bbox 1646 3741 1854 3801; x_wconf 93' lang='lat' dir='ltr'><strong>motu</strong></span> <span class='ocrx_word' id='word_1_178' title='bbox 1879 3727 2109 3802; x_wconf 89' lang='lat' dir='ltr'><strong>nihili.</strong></span> <span class='ocrx_word' id='word_1_179' title='bbox 2167 3729 2430 3802; x_wconf 89' lang='lat' dir='ltr'><strong>Sciunt</strong></span> 
     </span>
     <span class='ocr_line' id='line_1_29' title="bbox 358 3841 2428 3938; baseline 0.001 -24"><span class='ocrx_word' id='word_1_180' title='bbox 358 3852 605 3914; x_wconf 86' lang='lat' dir='ltr'><strong>tamen</strong></span> <span class='ocrx_word' id='word_1_181' title='bbox 652 3865 927 3931; x_wconf 90' lang='lat' dir='ltr'><strong>omnes,</strong></span> <span class='ocrx_word' id='word_1_182' title='bbox 972 3842 1155 3917; x_wconf 88' lang='lat' dir='ltr'><strong>nihil</strong></span> <span class='ocrx_word' id='word_1_183' title='bbox 1208 3841 1487 3914; x_wconf 90' lang='lat' dir='ltr'><strong>moveri</strong></span> <span class='ocrx_word' id='word_1_184' title='bbox 1545 3853 1814 3937; x_wconf 85' lang='lat' dir='ltr'><strong>praeter</strong></span> <span class='ocrx_word' id='word_1_185' title='bbox 1868 3865 2156 3937; x_wconf 90' lang='lat' dir='ltr'><strong>corpus,</strong></span> <span class='ocrx_word' id='word_1_186' title='bbox 2191 3865 2428 3938; x_wconf 90' lang='lat' dir='ltr'><strong>neque</strong></span> 
     </span>
     <span class='ocr_line' id='line_1_30' title="bbox 354 3954 2427 4051; baseline 0.002 -26"><span class='ocrx_word' id='word_1_187' title='bbox 354 3964 639 4026; x_wconf 90' lang='lat' dir='ltr'><strong>motum</strong></span> <span class='ocrx_word' id='word_1_188' title='bbox 691 3956 978 4051; x_wconf 87' lang='lat' dir='ltr'><strong>concipi</strong></span> <span class='ocrx_word' id='word_1_189' title='bbox 1040 3955 1182 4028; x_wconf 87' lang='lat' dir='ltr'><strong>nisi</strong></span> <span class='ocrx_word' id='word_1_190' title='bbox 1242 3955 1568 4050; x_wconf 89' lang='lat' dir='ltr'><strong>corporis</strong></span> <span class='ocrx_word' id='word_1_191' title='bbox 1621 3978 1860 4051; x_wconf 87' lang='lat' dir='ltr'><strong>posse.</strong></span> <span class='ocrx_word' id='word_1_192' title='bbox 1964 3954 2111 4026; x_wconf 91' lang='lat' dir='ltr'><strong>Sed</strong></span> <span class='ocrx_word' id='word_1_193' title='bbox 2163 3977 2427 4050; x_wconf 89' lang='lat' dir='ltr'><strong>corpus</strong></span> 
     </span>
     <span class='ocr_line' id='line_1_31' title="bbox 357 4066 2426 4165; baseline 0 -25"><span class='ocrx_word' id='word_1_194' title='bbox 357 4090 574 4140; x_wconf 88' lang='lat' dir='ltr'><strong>omne</strong></span> <span class='ocrx_word' id='word_1_195' title='bbox 602 4078 878 4140; x_wconf 90' lang='lat' dir='ltr'><strong>motum</strong></span> <span class='ocrx_word' id='word_1_196' title='bbox 901 4069 1288 4164; x_wconf 86' lang='lat' dir='ltr'><strong>vestigium</strong></span> <span class='ocrx_word' id='word_1_197' title='bbox 1307 4067 1656 4165; x_wconf 89' lang='lat' dir='ltr'><strong>relinquit</strong></span> <span class='ocrx_word' id='word_1_198' title='bbox 1683 4092 1831 4142; x_wconf 93' lang='lat' dir='ltr'><strong>non</strong></span> <span class='ocrx_word' id='word_1_199' title='bbox 1854 4066 2072 4140; x_wconf 91' lang='lat' dir='ltr'><strong>modo</strong></span> <span class='ocrx_word' id='word_1_200' title='bbox 2099 4067 2426 4163; x_wconf 83' lang='lat' dir='ltr'><strong>longum,</strong></span> 
     </span>
     <span class='ocr_line' id='line_1_32' title="bbox 358 4178 2427 4278; baseline 0.001 -25"><span class='ocrx_word' id='word_1_201' title='bbox 358 4178 489 4253; x_wconf 92' lang='lat' dir='ltr'><strong>sed</strong></span> <span class='ocrx_word' id='word_1_202' title='bbox 534 4178 753 4252; x_wconf 90' lang='lat' dir='ltr'><strong>etiam</strong></span> <span class='ocrx_word' id='word_1_203' title='bbox 808 4179 1062 4254; x_wconf 88' lang='lat' dir='ltr'><strong>latum.</strong></span> <span class='ocrx_word' id='word_1_204' title='bbox 1167 4180 1515 4254; x_wconf 89' lang='lat' dir='ltr'><strong>Definitio</strong></span> <span class='ocrx_word' id='word_1_205' title='bbox 1573 4182 1801 4278; x_wconf 88' lang='lat' dir='ltr'><strong>igitur</strong></span> <span class='ocrx_word' id='word_1_206' title='bbox 1848 4180 2060 4253; x_wconf 89' lang='lat' dir='ltr'><strong>lineae</strong></span> <span class='ocrx_word' id='word_1_207' title='bbox 2114 4179 2427 4256; x_wconf 86' lang='lat' dir='ltr'><strong>debebat</strong></span> 
     </span>
     <span class='ocr_line' id='line_1_33' title="bbox 357 4291 2425 4393; baseline 0 -28"><span class='ocrx_word' id='word_1_208' title='bbox 357 4316 516 4365; x_wconf 88' lang='lat' dir='ltr'><strong>esse</strong></span> <span class='ocrx_word' id='word_1_209' title='bbox 560 4291 1024 4388; x_wconf 86' lang='lat' dir='ltr'><strong>hujusmodi:</strong></span> <span class='ocrx_word' id='word_1_210' title='bbox 1077 4293 1272 4366; x_wconf 80' lang='lat' dir='ltr'><strong>linea</strong></span> <span class='ocrx_word' id='word_1_211' title='bbox 1329 4303 1444 4367; x_wconf 72' lang='lat' dir='ltr'><strong>est</strong></span> <span class='ocrx_word' id='word_1_212' title='bbox 1505 4294 1901 4393; x_wconf 70' lang='lat' dir='ltr'><strong>vestigium</strong></span> <span class='ocrx_word' id='word_1_213' title='bbox 1953 4292 2159 4390; x_wconf 82' lang='lat' dir='ltr'><strong>quod</strong></span> <span class='ocrx_word' id='word_1_214' title='bbox 2204 4292 2425 4386; x_wconf 67' lang='grc' dir='ltr'><strong>νεῖἰη-Δ</strong></span> 
     </span>
     <span class='ocr_line' id='line_1_34' title="bbox 357 4405 2426 4504; baseline 0.002 -27"><span class='ocrx_word' id='word_1_215' title='bbox 357 4405 610 4504; x_wconf 80' lang='lat' dir='ltr'><strong>quitur</strong></span> <span class='ocrx_word' id='word_1_216' title='bbox 652 4430 701 4478; x_wconf 85' lang='lat' dir='ltr'><strong>a</strong></span> <span class='ocrx_word' id='word_1_217' title='bbox 746 4415 943 4479; x_wconf 81' lang='lat' dir='ltr'><strong>motu</strong></span> <span class='ocrx_word' id='word_1_218' title='bbox 989 4407 1349 4504; x_wconf 71' lang='lat' dir='ltr'><strong>corporis,</strong></span> <span class='ocrx_word' id='word_1_219' title='bbox 1399 4409 1610 4502; x_wconf 72' lang='lat' dir='ltr'><strong>cujus</strong></span> <span class='ocrx_word' id='word_1_220' title='bbox 1646 4406 2014 4504; x_wconf 75' lang='lat' dir='ltr'><strong>quantitas</strong></span> <span class='ocrx_word' id='word_1_221' title='bbox 2071 4431 2211 4481; x_wconf 83' lang='lat' dir='ltr'><strong>non</strong></span> <span class='ocrx_word' id='word_1_222' title='bbox 2257 4430 2426 4480; x_wconf 82' lang='lat' dir='ltr'><strong>con-</strong></span> 
     </span>
     <span class='ocr_line' id='line_1_35' title="bbox 356 4516 1532 4593; baseline 0.003 -4"><span class='ocrx_word' id='word_1_223' title='bbox 356 4517 742 4592; x_wconf 73' lang='lat' dir='ltr'><strong>sideratur</strong></span> <span class='ocrx_word' id='word_1_224' title='bbox 776 4518 853 4591; x_wconf 78' lang='lat' dir='ltr'><strong>in</strong></span> <span class='ocrx_word' id='word_1_225' title='bbox 887 4516 1532 4593; x_wconf 70' lang='lat' dir='ltr'><strong>demonstratione.</strong></span> 
     </span>
    </p>
   </div>
   <div class='ocr_carea' id='block_1_4' title="bbox 2537 1052 2766 1095">
    <p class='ocr_par' dir='ltr' id='par_1_5' title="bbox 2537 1052 2766 1095">
     <span class='ocr_line' id='line_1_36' title="bbox 2537 1052 2766 1095; baseline 0.004 -2"><span class='ocrx_word' id='word_1_226' title='bbox 2537 1052 2673 1093; x_wconf 77' lang='lat' dir='ltr'>CAP.</span> <span class='ocrx_word' id='word_1_227' title='bbox 2704 1053 2766 1095; x_wconf 85' lang='lat'><strong>11.</strong></span> 
     </span>
    </p>
   </div>
   <div class='ocr_carea' id='block_1_5' title="bbox 2555 1178 2767 1224">
    <p class='ocr_par' dir='ltr' id='par_1_6' title="bbox 2555 1178 2767 1224">
     <span class='ocr_line' id='line_1_37' title="bbox 2555 1178 2767 1224; baseline 0 -1"><span class='ocrx_word' id='word_1_228' title='bbox 2555 1178 2767 1224; x_wconf 58' lang='lat' dir='ltr'><strong>Deliae&amp;</strong></span> 
     </span>
    </p>
   </div>
  </div>
 </body>
</html>
