3094 5125
643 480 780 557 170
1065 499 1601 552 ΕΧΑΜῙΝΑΤῙΟ
1643 501 1743 552 ΕΤ
1782 498 2276 551 ΕΜΕΝΒΑΤῙΟ

260 689 558 732 unrocus
632 687 822 736 surae
856 664 1207 760 applicari
1241 676 1552 760 possunt
1598 689 1744 738 una
1778 666 1873 738 ad
1907 665 2239 751 alteram,
2273 664 2380 736 ita
2410 674 2496 736 ut
2530 688 2704 738 con-

386 772 425 810 V

262 797 546 875 „nge
629 788 920 872 gruant.
1028 777 1287 872 Itaque
1347 801 1515 851 cum
1560 778 1755 851 linea
1806 777 2017 851 lineae
2062 776 2413 872 applicari
2446 778 2703 873 possit,

631 899 705 962 et
732 890 1150 986 superficies
1184 890 1616 986 superficiei,
1639 902 1713 964 et
1746 889 2058 964 solidum
2095 888 2328 962 solido
2356 890 2707 986 applicari

630 1003 917 1099 concipi
937 1013 1201 1099 potest,
1224 1013 1441 1075 erunt
1462 1004 1909 1098 quantitates
1931 1026 2185 1076 eorum
2206 1003 2704 1099 homogeneae.

631 1115 820 1188 Item
856 1118 1027 1212 quia
1054 1116 1420 1211 quantitas
1455 1117 1807 1212 temporis
1834 1140 1966 1212 per
1998 1117 2266 1189 lineam
2300 1118 2707 1190 mensurari

629 1242 900 1326 potest,
936 1242 1012 1303 et
1062 1230 1260 1302 linea
1309 1228 1521 1301 lineae
1575 1229 1927 1325 applicari
1978 1240 2245 1325 potest,
2283 1228 2424 1301 erit
2475 1253 2706 1325 quan-

629 1343 804 1416 titas
840 1342 1188 1438 temporis
1225 1341 1617 1437 quantitati
1649 1342 1864 1414 lineae
1897 1343 2374 1438 homogenea.

734 1455 830 1528 B.
888 1457 1005 1528 An
1037 1467 1324 1552 tempus
1383 1466 1460 1528 et
1511 1455 1706 1528 linea
1750 1478 2154 1551 congruere
2201 1455 2394 1528 inter
2427 1479 2505 1529 se
2536 1480 2705 1553 pos-

631 1569 856 1642 sunt?

731 1683 832 1756 A.
885 1681 1082 1755 Non.
1183 1681 1342 1755 Nec
1378 1681 1456 1754 id
1495 1681 1646 1754 dixi
1676 1713 1696 1768 ;
1749 1681 1880 1756 sed
1912 1706 2326 1757 mensuram
2357 1683 2594 1771 lineae,
2630 1694 2707 1757 et

628 1818 1050 1869 mensuram
1095 1794 1471 1890 temporiS‚
1525 1819 1691 1890 quae
1742 1795 1976 1869 ambae
2030 1806 2200 1869 sunt
2257 1795 2492 1885 lineae,
2529 1819 2705 1869 con-

628 1930 894 2003 gruere
952 1930 1190 2003 posse.
1289 1907 1535 1980 Etiam
1588 1918 1830 1979 motus
1884 1918 1958 1980 et
2011 1907 2355 2003 ponderis
2416 1908 2703 2003 quanti-

629 2033 820 2095 tates
877 2020 973 2093 ad
1029 2021 1261 2094 lineas
1314 2020 1567 2093 reduci
1620 2032 1951 2115 possunt,
1988 2032 2063 2092 et
2107 2019 2414 2115 proinde
2449 2044 2704 2093 eorum

632 2136 1079 2230 quantitates
1114 2135 1592 2229 homogeneae
1627 2144 1823 2205 sunt.

731 2249 828 2320 B.
883 2246 1085 2322 Quid
1154 2270 1329 2342 ergo
1396 2246 1931 2340 homogeneum
1997 2268 2146 2318 non
2215 2243 2380 2317 est?
2508 2244 2703 2318 Nam

630 2360 941 2433 solidum
979 2370 1054 2432 et
1101 2359 1296 2432 linea
1348 2357 1442 2430 ad
1487 2381 1830 2430 numeros
1881 2356 2133 2431 reduci
2180 2369 2537 2452 possunt;
2592 2371 2705 2434 est

629 2484 874 2546 autem
907 2495 1257 2544 numerus
1293 2493 1600 2543 numero
1634 2471 2153 2567 homogeneuS.

724 2585 819 2658 A.
874 2585 1243 2657 Numerus
1300 2607 1633 2673 numero,
1668 2585 1729 2658 si
1781 2610 1944 2681 quae
2002 2596 2481 2659 numerantur
2531 2598 2705 2661 sunt

626 2701 1106 2793 homogenea‚
1133 2698 1629 2793 homogeneus
1655 2709 1765 2771 est
1789 2730 1808 2783 ς
1846 2699 2118 2794 alioqui
2143 2700 2703 2796 heterogeneus,

625 2826 712 2887 ut
764 2811 931 2885 duae
981 2811 1193 2885 lineae
1247 2824 1322 2884 et
1368 2810 1535 2884 duae
1594 2813 2035 2908 superficies.
2138 2813 2306 2887 Nisi.
2337 2814 2533 2887 enim
2565 2838 2701 2886 nu-

627 2926 808 2998 meri
843 2948 933 2997 ex
966 2924 1132 2998 unis
1165 2924 1637 3020 homogeneis
1672 2936 2033 3009 constent,
2070 2925 2208 3022 ipsi
2266 2926 2703 3022 homogenei

626 3064 773 3113 non
810 3049 1005 3112 sunt.
1108 3039 1475 3111 Numerus
1503 3037 1699 3110 enim
1734 3038 2055 3111 omnium
2089 3062 2333 3110 rerum
2370 3053 2483 3111 est
2507 3063 2700 3113 com-

627 3154 909 3238 munis3
962 3165 1037 3226 et
1070 3153 1284 3253 lineae
1318 3163 1489 3225 sunt
1535 3175 1880 3225 numerus
1925 3153 2305 3242 linearum,
2343 3153 2704 3248 quadrata

625 3290 972 3340 numerus
1034 3267 1583 3361 quadratorum,
1634 3264 1897 3338 fractio
1951 3289 2297 3337 numerus
2355 3267 2695 3361 partium.

630 3380 1012 3470 Praeterea,
1035 3381 1346 3477 angulus
1381 3378 1802 3452 rectilineus
1828 3402 1996 3452 cum
2023 3379 2292 3475 angulo
2321 3380 2702 3453 rectilineo

630 3517 1031 3589 congruere
1076 3504 1340 3590 potest,
1389 3518 1561 3568 cum
1620 3493 1905 3590 possint
1958 3515 2091 3590 per
2143 3517 2391 3566 arcum
2449 3493 2703 3566 circuli

628 3606 843 3679 ambo
878 3607 1331 3691 mensurari;
1384 3629 1597 3680 arcus
1655 3617 1899 3679 autem
1947 3630 2114 3680 cum
2161 3630 2335 3679 arcu
2373 3607 2700 3702 ejusdem

627 3719 881 3792 circuli
917 3743 1319 3814 congruere
1352 3730 1620 3814 potest.
1722 3719 1997 3815 Anguli
2033 3732 2281 3792 autem
2317 3730 2700 3794 contactus

626 3856 968 3906 mensura
1017 3856 1184 3905 cum
1226 3832 1475 3927 anguli
1526 3831 1886 3905 rectilinei
1919 3856 2263 3905 mensura
2295 3856 2699 3928 congruere

627 3972 773 4021 non
807 3955 1070 4043 potest,
1106 3945 1276 4040 quia
1315 3944 1624 4039 angulus
1679 3946 2098 4018 rectilineus
2139 3969 2290 4018 non
2325 3970 2697 4020 mensura-

626 4075 748 4135 tur
774 4084 905 4156 per
937 4059 1206 4132 lineam
1240 4057 1381 4130 nisi
1417 4058 1873 4148 circularem,
1901 4071 1975 4132 et
2004 4058 2299 4153 quidem
2336 4071 2698 4155 quatenus

624 4173 1098 4251 circularem:
1151 4194 1494 4245 mensura
1547 4182 1792 4244 autem
1847 4172 2097 4268 anguli
2152 4183 2534 4247 contactus
2588 4183 2700 4247 est

623 4288 816 4359 linea
850 4299 1054 4359 recta
1087 4297 1442 4382 quatenus
1478 4296 1703 4358 recta.

728 4400 822 4471 B.
878 4399 1267 4475 Quomodo
1304 4399 1379 4472 id
1414 4399 1574 4471 fieri
1608 4409 1855 4495 potest
1879 4397 1903 4444 ²
