3094 5125
618 457 759 538 374
1090 472 1196 526 nn
1236 471 1844 525 MAGNITUDINE
1884 470 2249 523 cmcum.

235 670 404 711 mor.
428 671 537 713 ιιι.
616 641 929 721 transire
973 664 1108 738 per
1163 641 1334 715 cubi
1375 651 1734 731 centrum,
1773 641 2062 737 sphaera
2093 640 2171 712 in
2206 661 2354 735 qua
2385 635 2743 710 circulus

250 741 534 775 “⁷'‘
616 755 738 829 ille
799 767 993 829 esset
1050 755 1411 828 maximus
1463 766 1725 852 tanget
1773 754 2023 829 omnia
2073 754 2245 828 cubi
2298 753 2579 833 latera;
2646 760 2744 823 et

616 880 1008 967 propterea
1061 870 1366 965 sphaerae
1419 868 2022 965 circumscriptus
2064 866 2230 939 erit.
2333 864 2741 940 Quoniam

616 994 864 1056 autem
912 982 1107 1055 latus
1158 982 1328 1055 cubi
1379 981 1915 1077 circumscripti
1950 980 2082 1053 AB
2116 990 2368 1076 potest
2401 978 2739 1074 triplum

619 1097 778 1192 ejus
812 1094 1008 1190 quod
1053 1105 1298 1191 potest
1344 1094 1467 1177 CL
1499 1094 1617 1168 vel
1655 1094 1848 1177 CM;
1901 1093 2044 1166 erit
2090 1092 2323 1165 cubus
2358 1115 2404 1165 a
2436 1090 2611 1179 CM,
2656 1091 2737 1163 is

621 1208 749 1305 qui
782 1207 1285 1304 inscriptibilis
1321 1219 1434 1282 est
1467 1208 1706 1281 eidem
1743 1207 2072 1304 sphaerae,
2102 1208 2308 1303 cujus
2343 1205 2733 1278 maximus

621 1321 937 1394 circulus
974 1320 1417 1394 describitur
1451 1321 1992 1396 semidiametro
2016 1321 2135 1394 IE.
2225 1321 2731 1394 Demonstra-

621 1446 744 1507 tur
778 1445 1024 1507 autem
1057 1434 1151 1507 ab
1190 1434 1522 1524 Euclide,
1559 1435 1788 1508 Elem.
1824 1434 1979 1507 xiii.
2014 1459 2221 1531 prop.
2271 1442 2383 1507 15.

727 1546 1007 1621 Coroll.
1083 1548 1429 1644 Sequitur
1496 1548 1669 1621 hinc
1731 1548 2028 1621 ductam
2092 1548 2228 1620 NL
2295 1569 2451 1620 esse
2510 1545 2728 1617 latus

620 1661 1024 1735 tetrahedri
1084 1661 1159 1734 in
1214 1662 1473 1735 eadem
1532 1663 1820 1757 sphaera
1875 1661 2234 1756 inscripti.
2367 1659 2729 1733 Potentia

623 1774 819 1849 enim
853 1785 1075 1848 rectae
1112 1775 1247 1848 NL
1282 1774 1506 1871 dupla
1550 1786 1660 1848 est
1706 1774 2057 1871 potentiae
2092 1773 2215 1846 CL
2246 1805 2265 1857 ;
2320 1796 2546 1869 quare
2578 1797 2721 1868 po-

620 1888 854 1961 tentia
890 1887 1015 1959 BC
1071 1887 1423 1984 potentiae
1477 1887 1801 1983 ejusdem
1842 1886 1978 1959 NL
2013 1898 2128 1958 est
2178 1885 2663 1983 sesquialtera
2693 1919 2719 1969 ;

622 2011 698 2074 et
755 2000 1089 2098 proinde,
1124 2023 1257 2096 per
1290 2000 1522 2072 Elem.
1560 2000 1711 2072 xiii.
1763 2008 1875 2087 13,
1915 1998 2054 2072 erit
2105 2010 2309 2073 recta
2343 1999 2480 2072 NL
2511 1999 2718 2072 latus

622 2112 1026 2189 tetrahedri
1060 2113 1395 2209 inscripti
1429 2115 1738 2209 sphaerae
1774 2113 2035 2186 eidem.

1291 2335 1791 2388 PROPOSITIO
1831 2335 2025 2387 XIII.

725 2456 979 2528 Rectae
1014 2452 1169 2542 AB,
1204 2452 1364 2549 Ag,
1398 2453 1561 2540 AR,
1597 2452 1731 2526 AG
1779 2462 1950 2525 sunt
2001 2449 2346 2524 continue
2396 2474 2714 2547 propor-

623 2568 958 2642 tionales.

721 2682 1117 2754 Ostensum
1153 2679 1348 2752 enim
1386 2690 1498 2752 est
1539 2677 1781 2774 (prop.
1812 2680 1890 2774 7)
1933 2688 2170 2751 rectas
2201 2678 2340 2776 gd,
2381 2677 2534 2762 GP,
2572 2678 2711 2751 RO

621 2817 778 2866 esse
814 2793 1160 2866 continue
1195 2792 1806 2888 proportionales.
1914 2791 2309 2864 Ostensum
2345 2792 2565 2864 etiam
2595 2803 2714 2864 est

629 2912 868 3002 (prop.
908 2907 985 2999 8)
1039 2929 1200 2978 esse
1246 2918 1332 2977 ut
1370 2904 1493 2976 BC
1529 2904 1625 2977 ad
1652 2905 1802 3003 gd,
1838 2904 1943 2977 ita
1970 2905 2104 2978 RO
2140 2904 2235 2978 ad
2265 2903 2365 2978 GI
2400 2904 2516 2976 vel
2550 2905 2709 2977 AG.

626 3021 814 3092 Sunt
875 3042 1050 3114 ergo
1112 3030 1426 3114 quatuor
1486 3031 1710 3092 rectae
1745 3018 1902 3106 AB,
1942 3018 2102 3115 Ag,
2140 3018 2299 3106 AR,
2346 3017 2480 3091 AG
2531 3040 2710 3089 con-

625 3133 829 3222 tinue
862 3131 1475 3228 proportionaleS.

733 3245 1016 3318 Coroll.
1073 3246 1421 3340 Sequitur
1448 3243 1623 3317 hinc
1659 3244 1930 3317 cubum
1964 3267 2008 3316 a
2044 3243 2179 3317 BC
2213 3243 2516 3340 duplum
2550 3267 2708 3316 esse

627 3358 795 3431 cubi
847 3359 940 3430 ab
977 3360 1160 3457 Ag;
1214 3371 1288 3431 et
1345 3358 1616 3432 cubum
1667 3359 1758 3431 ab
1793 3358 1932 3455 Ag
1966 3357 2271 3452 duplum
2330 3381 2485 3429 esse
2538 3356 2708 3429 cubi

626 3472 718 3545 ab
755 3472 914 3554 AR,
951 3483 1027 3543 et
1061 3472 1331 3544 cubum
1366 3471 1458 3543 ab
1493 3471 1633 3542 AR
1668 3469 1969 3566 duplum
2012 3493 2169 3543 esse
2219 3471 2387 3543 cubi
2422 3471 2513 3542 ab
2550 3469 2707 3543 AG.

1307 3693 1807 3745 PROPOSITIO
1846 3693 2024 3744 XIV.

729 3810 1202 3906 Compleatur
1236 3809 1676 3906 quadratum
1713 3813 1775 3882 A
1784 3835 1847 3908 g
1859 3810 1985 3899 dz,
2022 3823 2098 3884 et
2123 3809 2577 3907 producatur
2604 3809 2716 3881 κά

627 3925 724 4000 ad
759 3925 884 3998 BC
909 3924 987 3996 in
1010 3957 1057 3994 π
1086 3954 1105 4007 ;
1158 3922 1751 4019 producaturque
1776 3922 1911 4021 gd
1937 3923 2031 3996 ad
2058 3923 2188 3996 DC
2216 3923 2292 3995 in
2314 3926 2373 4010 ξ,
2412 3935 2489 3994 et
2514 3922 2711 3995 inter

629 4040 761 4113 DC
802 4052 878 4112 et
926 4037 1046 4119 ΒΞ
1096 4046 1427 4110 sumatur
1486 4036 1730 4110 media
1787 4036 2349 4133 proportionalis
2399 4035 2579 4118 Dm;
2632 4048 2710 4110 et

630 4153 772 4225 erit
839 4151 1275 4249 quadratum
1354 4176 1399 4223 a
1457 4150 1578 4222 Dm
1647 4151 1925 4247 aequale
1997 4149 2272 4222 circulo
2336 4149 2707 4244 descripto

625 4266 1165 4340 semidiametro
1201 4263 1334 4337 AG
1362 4264 1478 4337 vel
1514 4265 1653 4337 IH.
1770 4264 1902 4338 Est
1957 4264 2151 4336 enim
2211 4263 2356 4337 ΒΜ
2406 4262 2707 4358 aequalis
