3094 5125
556 492 697 556 264
1198 506 1304 557 nu
1344 504 1683 558 NATURA
1721 504 1991 557 Annis,

558 672 1016 769 superficiem
1084 673 1393 745 suctoris
1480 695 1882 744 convexam
1944 682 2021 742 et
2085 667 2397 766 cylindri
2467 693 2641 742 con-

560 811 837 873 cavam,
880 810 1095 882 quem
1134 786 1477 882 deinceps
1512 809 1807 858 cursum
1843 786 2113 857 habere
2149 784 2522 856 arbitratis
2554 782 2581 853 ἓ

662 899 756 971 Β.
815 898 1124 973 Cursum
1159 900 1402 987 habet,
1437 900 1701 996 primo,
1756 898 2156 971 secundum
2199 898 2431 971 lineas
2478 897 2640 969 illas

561 1025 865 1099 erectaS,
904 1036 1068 1107 quae
1108 1013 1570 1084 constituunt
1606 1011 1919 1108 cylindri
1954 1011 2412 1106 superficiem
2463 1033 2639 1081 con-

561 1148 814 1197 cavam
848 1156 866 1209 ;
923 1123 1211 1210 deinde,
1248 1149 1379 1221 per
1412 1126 1642 1198 lineas
1680 1150 1844 1221 quae
1891 1125 2351 1198 constituunt
2386 1146 2641 1219 super-

557 1238 796 1310 ficiem
845 1238 1209 1311 lacunaris
1258 1238 1569 1334 cylindri
1622 1239 1972 1335 eiusdem.
2078 1239 2336 1333 Itaque
2394 1246 2641 1333 partes

561 1350 749 1423 aeris
810 1350 1287 1446 ingredientis
1343 1374 1475 1446 per
1529 1350 1758 1423 lineas
1815 1364 2052 1423 rectas
2117 1349 2643 1423 diametraliter

563 1463 955 1560 oppositas,
986 1465 1477 1537 movebuntur
1510 1463 1978 1560 undiquaque
2007 1465 2326 1536 motibus
2354 1463 2644 1536 obviam

563 1578 975 1650 contrariis.
1080 1577 1513 1651 Necessario
1569 1600 1744 1673 ergo
1792 1601 1868 1649 se
1925 1589 2180 1650 mutuo
2226 1588 2644 1673 prementes

560 1691 1026 1764 conabuntur
1058 1715 1192 1787 per
1224 1691 1453 1763 lineas
1488 1690 1874 1764 interiores
1907 1720 1925 1774 ;
1981 1702 2057 1763 et
2101 1701 2406 1786 propter
2442 1713 2644 1784 pres-

562 1805 840 1876 sionem
878 1803 1197 1901 undique
1234 1804 1609 1899 aequalem,
1639 1817 1920 1877 motum
1948 1804 2241 1900 quidem
2270 1802 2647 1912 habebunt

563 1916 640 1988 in
708 1929 1047 1990 neutram
1118 1929 1406 2014 partem
1476 1917 1919 2005 sensibilem,
1991 1929 2332 1989 conatum
2400 1927 2645 1988 autem

564 2031 1073 2103 vehementem
1128 2054 1587 2128 unaquaeque
1647 2054 1818 2126 pars
1867 2041 2125 2103 contra
2172 2041 2456 2126 partem
2506 2027 2643 2101 sibi

566 2156 1095 2217 occurrentem.

670 2256 761 2329 A.
820 2255 1139 2329 Necesse
1189 2279 1366 2352 ergo
1426 2256 1591 2344 erit,
1647 2266 1731 2329 ut
1779 2265 1980 2328 totus
2029 2255 2152 2328 ille
2208 2279 2356 2344 aer,
2412 2254 2645 2327 donec

566 2368 833 2441 durent
861 2368 963 2441 illi
1000 2381 1304 2441 conatus
1339 2368 1680 2463 oppositi,
1708 2368 2259 2440 consistentiam
2297 2368 2647 2463 majorem

563 2482 831 2553 habeat
865 2504 1083 2576 quam
1121 2482 1181 2553 si
1226 2495 1471 2577 partes
1524 2481 1683 2577 ejus
1733 2482 1889 2555 solo
1945 2491 2290 2553 contactu
2341 2482 2647 2577 conjun-

567 2606 943 2690 gerentur.

565 2782 572 2790 ,
669 2706 764 2779 Β.
820 2708 920 2781 At
946 2732 1183 2803 neque
1212 2708 1539 2798 candela,
1566 2733 1804 2806 neque
1831 2711 2184 2783 carbones
2211 2710 2285 2782 in
2316 2709 2648 2806 cylindro

570 2821 905 2894 collocati
943 2835 1139 2911 sunt,
1177 2822 1306 2896 sed
1340 2823 1414 2895 in
1453 2823 1877 2920 recipiente.

668 2933 765 3007 A.
821 2935 1014 3007 Scio.
1091 2936 1236 3009 Sed
1271 2936 1505 3023 lineae‚
1533 2961 1665 3032 per
1694 2961 1872 3033 quas
1901 2947 2142 3009 motus
2168 2935 2649 3032 ingredientis

568 3048 757 3121 aeris
827 3048 1327 3145 designantur,
1400 3062 1658 3147 aperto
1729 3050 2065 3138 transitu,
2134 3051 2211 3123 in
2278 3047 2650 3122 communi

570 3162 757 3234 ostio
819 3185 897 3234 se
959 3175 1214 3237 mutuo
1285 3176 1560 3252 secant,
1619 3177 1693 3237 et
1750 3189 1884 3261 per
1939 3188 2416 3259 consequenS‚
2479 3162 2653 3234 licet

571 3277 857 3348 inverso
892 3272 1170 3366 ordine,
1225 3289 1531 3350 conatus
1568 3278 1756 3350 aeris
1807 3277 2139 3350 similiter
2171 3277 2521 3373 procedet
2574 3275 2652 3347 in

572 3389 968 3485 recipiente
1004 3402 1223 3486 atque
1263 3391 1339 3462 in
1383 3390 1759 3487 cylindro;
1814 3390 2214 3485 eademque
2260 3390 2400 3462 erit
2449 3402 2654 3460 utro-

571 3503 791 3596 bique
827 3502 1014 3574 aeris
1050 3504 1549 3591 consistentia,
1588 3502 1830 3576 media
1879 3503 2211 3596 quaedam
2248 3502 2442 3575 inter
2476 3525 2652 3573 con-

575 3615 941 3689 sistentias
977 3616 1165 3688 aeris
1200 3617 1366 3712 puri
1402 3630 1478 3688 et
1521 3640 1754 3711 aquae.
1858 3616 2120 3712 Cogita
2172 3640 2372 3711 ergo,
2435 3638 2654 3711 quam

575 3730 670 3802 sit
705 3728 985 3801 naturis
1020 3751 1271 3801 earum
1309 3728 1404 3801 ad
1439 3731 1818 3803 candelam
1855 3730 1970 3803 vel
2000 3730 2245 3827 ignem
2283 3730 2398 3802 vel
2427 3730 2655 3801 vitam

576 3843 1022 3927 animalium,
1059 3865 1224 3936 quae
1268 3843 1524 3915 saltem
1562 3844 1792 3917 vitam
1837 3845 2306 3940 pulmonibus
2358 3844 2654 3930 debent,

576 3956 1145 4053 extinguendam
1201 3956 1311 4027 vis
1372 3956 1625 4029 similis
1682 3968 2216 4041 consentanea;
2291 3979 2654 4053 quamque

576 4070 1065 4142 necessarium
1102 4067 1197 4140 sit
1224 4079 1495 4140 conatu
1530 4069 1656 4141 illo
1684 4069 2021 4143 circulari
2048 4071 2123 4142 in
2154 4072 2352 4142 omni
2379 4080 2656 4166 puncto

577 4182 997 4277 recipientis
1035 4194 1311 4254 motum
1352 4182 1884 4271 vehementem,
1935 4207 2351 4279 quanquam
2408 4184 2656 4256 invisi-

581 4293 822 4382 bilem,
859 4295 1041 4367 fieri.
1148 4294 1380 4367 Simili
1416 4295 1635 4369 modo
1686 4295 1884 4368 circa
1915 4297 2087 4384 vim,
2150 4320 2294 4392 qua
2352 4295 2660 4368 candela

582 4409 1078 4503 carbonesque
1114 4408 1326 4503 igniti
1378 4409 1910 4506 extinguuntur
1945 4409 2020 4481 in
2067 4408 2360 4496 fodinis,
2424 4409 2655 4482 deter-
