3094 5125
845 472 1471 526 MATHEMATICAE
1513 474 1998 527 HODIERNAE.
2341 454 2476 533 15⁷

405 663 619 736 quam
691 638 1098 714 duodecem
1167 640 1499 714 inseruit.
1626 641 1991 736 Deinceps
2060 649 2307 713 autem
2364 661 2478 710 re·
2550 661 2849 704 mamone

405 764 769 850 sumptam
820 753 1127 827 eandem
1179 754 1669 849 aequationem
1715 766 1935 828 vexat
1984 752 2281 841 frustra,
2340 774 2478 825 nec
2559 745 2844 846 „LX-2

411 865 805 962 quidquam
841 868 1081 940 adhuc
1117 867 1298 941 certi
1335 867 1587 964 prodit
1621 868 1951 940 Proteus.

508 978 605 1051 B.
657 979 1138 1052 Transeamus
1193 1003 1370 1075 ergo
1430 979 1526 1053 ad
1574 1003 1663 1053 ea
1729 1003 1893 1077 quae
1945 978 2172 1051 habet
2225 987 2483 1051 contra

407 1091 930 1188 Meybomium.

505 1205 602 1279 A.
656 1206 1017 1279 Praetereo
1052 1205 1176 1278 illa
1220 1229 1384 1301 quae
1442 1229 1534 1279 ex
1581 1206 2003 1301 Meybomio
2047 1206 2260 1278 affert
2315 1228 2485 1300 pro-

407 1318 646 1416 prium
681 1319 1060 1391 inventum
1102 1318 1541 1404 extollente3
1602 1319 1805 1410 (nam
1831 1329 1906 1391 et
1932 1318 2301 1391 Wallisius
2334 1340 2486 1390 non

409 1434 649 1506 minus
726 1431 1067 1528 gloriose,
1155 1444 1230 1505 et
1310 1432 1543 1505 multo
1629 1431 1862 1528 magis
1938 1430 2487 1518 contumeliose,

411 1545 662 1620 scribit
696 1569 913 1641 quam
950 1545 1443 1642 Meybomius)
1475 1577 1494 1630 ς
1547 1556 1624 1618 et
1659 1544 1862 1634 illud,
1899 1544 2096 1640 quod
2124 1567 2272 1617 non
2310 1543 2487 1617 satis

413 1658 813 1754 distinguat
864 1658 1326 1756 Meybomius
1386 1659 1583 1731 inter
1631 1672 1693 1730 τὸ
1746 1672 1858 1730 ἀπὸ
1905 1669 1981 1731 et
2025 1672 2085 1729 τὸ
2114 1670 2263 1729 bra:
2317 1657 2490 1753 quia

412 1795 723 1867 propero
790 1770 886 1843 ad
943 1794 1033 1844 ea
1091 1794 1254 1866 quae
1314 1771 1571 1844 scribit
1623 1770 1714 1843 de
1773 1781 2037 1843 natura
2097 1770 2487 1843 rationum.

414 1884 735 1960 Primum
793 1883 1021 1980 igitur
1104 1884 1304 1980 quod
1380 1882 1854 1979 reprehendit
1915 1881 2310 1971 Wallisius,
2379 1893 2491 1955 est

418 1998 612 2095 quod
645 1996 970 2070 Euclidis
995 1997 1177 2071 illud
1203 1996 1281 2070 in
1310 1996 1736 2070 definitione
1766 1994 2096 2084 rationis,
2121 2014 2250 2068 ποιὰ
2273 2011 2489 2088 σχέσις,

415 2111 636 2185 vertit
682 2135 814 2208 per
858 2120 1067 2185 certa
1114 2110 1442 2207 quaedam
1491 2109 1793 2199 relati0,
1840 2121 2234 2205 propterea
2293 2109 2492 2204 quod

415 2237 569 2296 ποιὸν
626 2223 1064 2322 qualitatem
1122 2222 1465 2321 respicit.
1596 2223 1674 2296 Si
1735 2222 1912 2319 quid
1964 2222 2297 2318 peccavit
2348 2223 2492 2296 hoc

416 2340 577 2415 loco
629 2340 1115 2436 Meybomius,
1170 2353 1558 2436 peccatum
1620 2353 1734 2413 est
1784 2340 1982 2435 quod
2034 2338 2240 2428 illud,
2296 2339 2493 2435 quod

417 2453 764 2528 Euclides
821 2453 1400 2550 insignificanter
1455 2453 1763 2543 dixerat,
1818 2453 1899 2529 id
1958 2453 2191 2526 voluit
2249 2452 2494 2526 dicere

415 2567 849 2643 accuratius,
962 2569 1306 2640 Verterat
1354 2567 1727 2642 Wallisius
1771 2566 2268 2641 habitudinem
2321 2592 2496 2664 qua—

416 2680 811 2770 litativam,
846 2704 1265 2776 quanquam
1336 2680 1792 2779 qualitativa
1842 2706 1985 2755 vox
2032 2681 2295 2753 Latina
2346 2705 2496 2754 non

418 2794 536 2883 sit,
576 2817 816 2890 neque
850 2793 1350 2889 intelligibilis.
1457 2793 1839 2867 Habitudo
1873 2803 2120 2868 autem
2155 2794 2233 2867 in
2266 2794 2497 2889 quali·

416 2907 691 2981 tatibus
720 2906 904 2979 nihil
937 2905 1137 2979 aliud
1173 2918 1286 2978 est
1320 2929 1540 3001 quam
1576 2907 1893 2992 habitus,
1918 2905 1997 2979 id
2023 2920 2160 2995 est,
2181 2906 2496 2980 facilitas

417 3020 685 3117 agendi
736 3019 1258 3092 consuetudine
1310 3019 1693 3115 acquisita.
1797 3021 1988 3108 Hoc,
2025 3021 2353 3116 inquam,
2390 3020 2500 3094 ita

420 3144 532 3206 est
583 3132 865 3206 Latine.
969 3132 1192 3228 Erg0,
1228 3131 1633 3205 secundum
1666 3131 2098 3221 Wallisium,
2134 3134 2326 3207 ratio
2381 3146 2497 3207 est

421 3246 734 3320 duarum
810 3245 1389 3343 magnitudinum
1464 3246 2075 3343 homogenearum
2154 3271 2245 3319 ea
2315 3272 2495 3343 quae,

421 3358 810 3432 secundum
875 3359 1374 3455 quantitatem,
1425 3368 1539 3432 est
1570 3357 1943 3454 facilitas
1992 3359 2276 3457 agendi
2331 3384 2500 3433 eon-

422 3471 804 3545 suetudine,
839 3472 1230 3569 aequisita.
1338 3472 1505 3546 Qua
1551 3470 1976 3545 definitione
2032 3472 2212 3567 quid
2254 3483 2501 3569 potest

425 3608 584 3659 esse
631 3585 865 3682 magis
921 3585 1360 3673 ridiculum?
1464 3586 1637 3658 Non
1676 3586 1999 3682 respexit
2032 3586 2372 3660 Euclides
2405 3586 2499 3659 ad

424 3697 1074 3794 praedicamentum
1139 3698 1537 3794 qualitatis,
1605 3698 1685 3771 in
1741 3722 1922 3772 voce
1973 3717 2124 3789 rma,
2193 3700 2323 3773 sed
2405 3700 2502 3772 ad

426 3835 683 3886 vocem
716 3812 795 3885 in
841 3811 1292 3886 enuntianda
1343 3814 1713 3886 rationum
1759 3813 2234 3888 similitudine
2277 3815 2500 3910 vulgo

426 3926 798 4011 usitatam,
830 3936 996 4005 οὕτως
1021 3936 1159 4017 ἔχει,
1197 3938 1280 3999 ut
1313 3926 1390 3999 in
1421 3926 2005 4022 praecedentibus
2039 3927 2499 4011 notavimus3

428 4051 648 4136 atque
699 4039 872 4113 inde
926 4038 1184 4114 definit
1237 4040 1596 4114 rationem
1640 4065 1772 4137 per
1807 4040 2119 4138 aliquem
2151 4040 2501 4129 habitum,

431 4175 582 4241 seu,
620 4152 817 4248 quod
851 4153 1182 4226 hocloco
1210 4151 1408 4226 idem
1433 4164 1569 4242 est,
1592 4178 1724 4251 per
1747 4153 2079 4227 habitum
2110 4152 2499 4250 quendam,

435 4263 801 4358 (subaudi,
836 4266 1081 4339 nescio
1117 4266 1395 4361 quem).
1500 4267 1804 4341 Rectius
1839 4291 2014 4362 ergo
2041 4265 2503 4361 Meybomius

431 4378 798 4453 rationem
866 4377 1198 4452 definivit
1259 4403 1478 4475 quam
1539 4390 1668 4452 aut
1727 4378 2093 4451 Wallisius
2154 4391 2284 4452 aut
2350 4379 2505 4476 ipse
