3094 5125
909 414 1553 469 MATnEMA‘rrcAE
1595 410 2077 466 nomnRNAE.
2434 391 2526 469 79

374 577 725 640 διπλασίονι
756 583 1075 659 ἁναλογὶᾳ
1103 581 1199 648 ἕως
1225 577 1288 639 οὗ
1315 582 1347 638 ὁ
1374 580 1594 658 σύμπας
1619 586 1825 655 πρῶτος
1853 580 2104 651 γένηται,
2134 577 2225 635 καὶ
2252 579 2283 636 ὁ
2311 577 2530 654 σύμπας
2603 595 2904 639 DIALOGUS

396 687 492 746 ἐπὶ
520 688 624 746 τὸν
648 686 914 766 ἔσχατον
942 684 1501 753 πολλαπλασιασθεὶς
1546 690 1678 755 ποιῆ
1713 681 1855 753 τίνα,
1910 686 1941 743 ὁ
1978 685 2277 758 γενόμενος
2324 685 2530 749 τέλειος
2728 678 2793 718 ¹¹·

417 817 585 852 tmi-

526 900 620 972 Α.
679 897 898 974 Quid
943 897 1311 993 significat
1361 896 1503 970 hoc
1537 896 1702 970 loco
1747 909 1808 968 ἐν
1835 905 2122 984 ἀναλογίᾳ
2160 903 2473 965 διπλασίονι
2505 896 2530 968 ἓ

431 1012 701 1087 Nonne
736 1011 1115 1108 significat
1167 1010 1727 1108 proportionem
1775 1012 1926 1085 sive
1982 1009 2534 1086 similitudinem

431 1126 811 1199 rationum
846 1148 1017 1220 quae
1068 1124 1394 1198 cernitur
1446 1123 1525 1196 in
1572 1125 1897 1199 numeris
1930 1126 2022 1198 ab
2062 1123 2371 1198 Euclide
2408 1146 2534 1197 ex-

432 1238 722 1335 positiS,
758 1237 1109 1310 nimirum
1148 1237 1287 1326 his,
1332 1245 1395 1327 l,
1431 1246 1504 1327 2,
1540 1246 1613 1324 4,
1652 1245 1722 1326 8,
1769 1247 1883 1327 16,
1920 1250 2101 1312 etc.:
2156 1238 2233 1311 in
2270 1238 2534 1334 quibus

432 1374 789 1424 numerus
823 1350 1190 1447 posterior
1218 1349 1483 1446 prioris
1518 1373 1806 1447 semper
1831 1363 1946 1424 est
1973 1350 2287 1448 duplus?
2340 1350 2535 1425 Nam

434 1464 497 1537 si
545 1464 641 1538 de
683 1464 976 1537 ratione
1022 1463 1181 1560 ipsa
1229 1463 1605 1559 duplicata
1657 1464 2212 1561 intelligeretur,
2249 1465 2536 1538 numeri

444 1587 511 1667 1,
547 1586 621 1667 2,
657 1586 736 1665 4,
776 1585 849 1666 8,
887 1585 1000 1665 16,
1036 1588 1201 1665 etc„
1236 1599 1387 1649 non
1442 1577 1676 1673 magis
1740 1577 2034 1652 dicendi
2090 1589 2332 1652 essent
2378 1602 2536 1651 esse

435 1706 500 1763 ἐν
523 1703 823 1782 ἀναλογία
852 1701 1180 1771 διπλασίονι,
1218 1713 1437 1784 quam
1469 1699 1530 1778 l,
1566 1699 1634 1780 3,
1658 1698 1730 1779 9,
1757 1696 1881 1779 27,
1906 1700 2026 1781 81,
2054 1704 2194 1765 etc.
2279 1690 2537 1788 Itaque

436 1801 853 1901 propositio
920 1801 1081 1874 haec
1147 1802 1475 1875 Euclidis
1545 1802 1637 1876 de
1697 1827 2003 1877 numero
2054 1805 2407 1901 perfecto,
2460 1806 2538 1877 in

438 1916 646 1990 omni
734 1913 1247 2011 progressione
1319 1916 1770 2011 geometrica
1839 1939 1988 1989 non
2057 1916 2297 1988 minus
2365 1941 2542 1990 vera

439 2042 665 2118 osset,
695 2053 921 2126 quam
955 2028 1032 2100 in
1066 2029 1577 2125 progressione
1612 2028 1753 2102 hac
1786 2053 1920 2126 per
1947 2028 2539 2126 duplicationem.

440 2143 768 2217 Necesse
830 2164 1009 2238 ergo
1078 2154 1191 2215 est
1248 2152 1333 2215 ut
1393 2166 1576 2216 voce
1636 2145 1778 2217 hac
1836 2155 2145 2214 διπλασίων
2206 2166 2380 2215 usus
2447 2142 2544 2215 sit

441 2255 793 2332 Euclides
841 2277 977 2351 pro
1035 2253 1408 2351 duplicato
1467 2279 1800 2346 numer0,
1837 2256 1915 2329 id
1948 2270 2086 2347 est,
2120 2281 2256 2353 pro
2292 2256 2541 2353 duplo,

442 2395 597 2444 non
655 2393 794 2466 pro
855 2368 1229 2465 duplicata
1284 2369 1594 2443 ratione.
1724 2370 1965 2466 Igitur
2022 2371 2212 2445 ratio
2268 2379 2295 2443 1
2350 2370 2448 2443 ad
2492 2381 2536 2444 2

444 2509 597 2558 non
637 2494 754 2557 est
787 2481 1149 2580 subdupla
1183 2482 1398 2572 ratio,
1430 2482 1559 2556 sed
1595 2485 1783 2558 ratio
1811 2484 2051 2582 simpli
2079 2484 2175 2558 ad
2209 2484 2537 2582 duplum,

445 2597 602 2670 sive
663 2596 983 2671 semissis
1036 2594 1130 2668 ad
1185 2595 1604 2692 integrum;
1675 2621 1914 2694 neque
1972 2598 2281 2688 inverse,
2350 2600 2541 2673 ratio

450 2719 498 2784 2
535 2709 633 2783 ad
676 2715 709 2782 1
738 2721 853 2782 est
886 2708 1076 2782 ratio
1113 2708 1357 2804 dupla,
1398 2709 1530 2783 sed
1564 2711 1755 2785 ratio
1793 2712 1997 2808 dupli
2032 2711 2126 2786 ad
2174 2712 2539 2809 simplum,

453 2823 605 2897 sive
642 2822 914 2919 integri
946 2822 1043 2895 ad
1077 2822 1475 2896 semissem.

550 2933 685 3008 B:
702 2936 1069 3009 Accurate
1102 2934 1286 3010 haec.
1391 2949 1717 3009 Διπλασίων
1753 2962 1929 3035 ergo
1967 2938 2162 3012 idem
2197 2951 2309 3013 est
2343 2940 2540 3037 quod

455 3050 746 3147 duplu8‚
792 3062 877 3123 ut
930 3050 1128 3146 apud
1178 3050 1558 3124 Euclidem
1604 3052 1843 3149 ipsum
1892 3054 2153 3147 (Elem.
2192 3053 2294 3127 iii.
2329 3077 2538 3150 prop.

455 3166 614 3256 20).
695 3162 931 3236 Voces
967 3173 1214 3236 autem
1248 3162 1681 3262 subduplus,
1703 3165 2140 3264 subtriplzw,
2167 3176 2343 3255 ·etc.,
2372 3167 2540 3239 bar-

455 3277 655 3351 barae
691 3290 887 3365 sunt,
924 3290 999 3350 et
1046 3277 1137 3350 ab
1192 3277 1283 3350 iis
1334 3277 1680 3369 inventae,
1719 3280 1868 3375 qui,
1903 3303 2071 3353 cum
2107 3280 2184 3352 in
2220 3279 2543 3353 tenebris

454 3399 946 3479 versarentur,
981 3388 1376 3486 cupiebant
1436 3414 1734 3487 quoquo
1784 3404 2087 3488 possent
2131 3392 2351 3466 modo
2386 3416 2544 3466 sese

452 3526 913 3600 promovere.
985 3501 1394 3577 Ostendisti
1411 3505 1569 3601 jam
1596 3516 1908 3579 διπλασίων
1940 3505 2138 3603 apud
2165 3506 2546 3580 Euclidem

456 3615 874 3712 significare
942 3616 1022 3689 in
1086 3616 1411 3690 numeris
1478 3617 1806 3715 duplum.
1923 3620 2252 3694 Ostende
2319 3620 2547 3694 etiam

457 3729 658 3825 quod
691 3729 1064 3827 significat
1110 3727 1309 3825 apud
1361 3730 1676 3805 eundem
1730 3732 1808 3806 in
1862 3733 2270 3808 rationibus
2306 3732 2545 3830 dupli-

457 3854 701 3917 catum

551 3954 644 4030 A.
697 3956 900 4030 Ecce
946 3954 1025 4026 in
1066 3954 1488 4030 definitione
1534 3959 1902 4033 Elementi
1952 3961 2188 4057 quinti
2235 3959 2544 4048 decima,

452 4069 554 4144 Sic
609 4070 801 4144 dicit
851 4065 1243 4141 EuelideS:
1317 4081 1451 4140 ὅταν
1504 4081 1562 4141 δὲ
1614 4088 1740 4163 τρία
1798 4082 2013 4164 μεγέθη
2055 4087 2346 4159 ἀνάλογον
2392 4083 2446 4154 ἦ,
2488 4085 2551 4144 τὸ

446 4196 656 4265 πρῶτον
684 4182 835 4261 πρὸς
861 4183 926 4236 τὸ
953 4185 1142 4255 τρίτον
1169 4178 1498 4241 διπλασίονα
1527 4185 1704 4259 λόγον
1731 4184 1881 4265 ἔχειν
1906 4188 2144 4260 λέγεται,
2174 4183 2306 4260 ἤπερ
2331 4185 2465 4259 πρὸς
2490 4189 2551 4244 τὸ

434 4304 731 4385 &ehu-epar:
780 4283 923 4358 ubi
979 4284 1333 4360 rationem
1379 4288 1651 4363 rationi
1702 4291 1839 4366 sibi
1894 4289 2158 4386 aequali
2199 4287 2548 4375 additam,
