3094 5125
801 540 1432 594 MA‘rnnMA‘rmAE
1472 543 1962 597 noomRNAE.
2286 532 2420 598 109

424 704 536 779 Β.
592 706 740 780 Sed
775 708 1143 804 quomodo
1180 709 1615 806 corrigenda
1649 711 1816 784 est?

428 819 543 892 Α.
600 820 747 893 Sic.
811 819 1178 894 Numerus
1203 847 1569 895 numerum
1597 822 2099 922 multiplicare
2122 823 2425 915 dicitur,

312 932 637 1028 quando
669 943 849 1030 quot
880 944 1050 1006 sunt
1084 935 1159 1007 in
1193 935 1328 1008 illo
1354 935 1701 1027 unitates,
1726 937 1949 1009 toties
1976 938 2430 1035 componitur

314 1043 477 1130 hic,
517 1055 597 1118 et
630 1045 911 1143 aliqui-s
938 1048 1069 1141 fit.

429 1158 535 1232 B.
593 1161 872 1236 Recte:
935 1171 1010 1232 et
1068 1171 1218 1233 tam
1277 1184 1505 1256 parva
1566 1160 1973 1234 mutatione
2041 1163 2431 1237 emendata

319 1284 475 1360 est,
511 1283 601 1345 ut
644 1273 800 1345 sine
845 1272 996 1346 ullo
1043 1274 1466 1370 geometriae
1523 1274 1816 1363 damnn,
1861 1276 2000 1348 etsi
2046 1288 2429 1372 peccatum

322 1383 430 1457 sit
468 1395 732 1457 contra
765 1385 1103 1480 logicam,
1139 1387 1497 1481 potuisset
1532 1386 1855 1460 retineri.

437 1496 533 1570 A.
589 1498 833 1571 Etiam
901 1498 1358 1572 retinebitur.
1495 1501 1811 1595 Reliqua
1884 1501 2144 1597 capitis
2210 1502 2428 1599 hujus

328 1610 598 1684 eadem
654 1623 827 1685 sunt
882 1637 1045 1708 quae
1093 1613 1316 1710 vulgo
1372 1614 1791 1699 traduntur,
1844 1614 1973 1688 sed
2023 1616 2425 1707 verbosiUS,

330 1723 672 1821 adeoque
723 1713 1105 1799 obscurius
1164 1728 1254 1799 ab
1288 1727 1642 1801 Wanisio.
1751 1727 1970 1802 Quod
2022 1740 2269 1802 autem
2330 1730 2427 1803 ad

334 1839 788 1933 operationis
816 1839 1512 1913 demonstrationem
1539 1840 1853 1913 attinere
1873 1840 2230 1930 videatur,
2244 1842 2426 1915 nihil

335 1952 600 2036 affert3
656 1976 894 2049 neque
940 1975 1115 2025 vero
1169 1976 1353 2049 opus
1408 1962 1568 2025 erat
1617 1963 1699 2025 ut
1749 1953 2064 2041 afferret,
2113 1977 2305 2043 cum,
2340 1967 2425 2029 ut

331 2065 488 2158 jam
526 2066 791 2161 saepius
828 2064 1003 2154 dixi,
1055 2064 1214 2161 ipsa
1246 2066 1575 2162 operatio
1625 2065 1952 2162 perfecta
1986 2066 2084 2138 sit
2114 2066 2425 2162 perfecti

340 2179 583 2274 operis
621 2177 1170 2252 demonstratio,

437 2289 533 2365 B.
588 2290 942 2387 Sequitur
977 2290 1213 2387 Caput
1247 2291 1420 2378 xix„
1454 2291 1578 2364 De
1605 2290 2013 2365 Divi-sione.

435 2401 527 2476 A.
587 2402 793 2477 Nihil
859 2403 981 2477 hic
1038 2404 1252 2478 video
1313 2405 1487 2478 novi
1545 2416 1816 2502 praeter
1875 2405 2216 2478 tritarum
2268 2406 2421 2500 jam

338 2518 664 2591 omnium
698 2516 1034 2592 manibus
1068 2518 1486 2615 regularum
1522 2519 2088 2593 declarationem
2127 2519 2421 2616 longam

341 2642 415 2703 et
445 2630 814 2727 frigidam,
853 2644 952 2720 et,
989 2631 1348 2729 siquidem
1394 2632 1472 2705 id
1524 2633 1660 2705 tibi
1717 2632 1995 2729 aliquid
2029 2632 2419 2723 videbitur,

342 2745 784 2840 operationis
819 2745 1130 2817 formam
1166 2744 1552 2840 aliquoties
1585 2746 1961 2818 variatam.

440 2858 536 2931 B.
593 2857 1058 2955 Operationis
1080 2858 1387 2955 aliquus
1408 2860 1720 2932 formam
1740 2860 2026 2932 variare
2052 2883 2198 2932 non
2224 2859 2421 2954 equi·

339 2970 504 3044 dem
533 2971 828 3045 difficile
856 2995 1011 3045 esse
1037 2972 1355 3046 arbitror
1380 2972 1489 3062 iis,
1519 2973 1646 3070 qui
1671 2974 1981 3046 formam
2010 2974 2164 3068 ejus
2200 2996 2422 3045 unam

338 3085 657 3182 aliquam
702 3087 859 3181 jam
911 3085 1352 3181 intelligunt,
1389 3086 1451 3159 si
1491 3097 1740 3159 tamen
1787 3085 1931 3158 alio
1970 3094 2047 3157 et
2079 3083 2224 3158 alio
2259 3085 2421 3158 loco

339 3199 660 3271 scribere
708 3197 1098 3288 residuam,
1133 3199 1250 3272 vel
1283 3198 1426 3272 alio
1460 3211 1685 3296 atque
1720 3199 1863 3271 alio
1897 3197 2116 3271 modo
2154 3196 2419 3271 diviso-

336 3333 489 3382 rem
526 3309 1012 3406 multiplicare
1050 3322 1126 3384 et
1161 3312 1591 3401 subducere,
1628 3312 1941 3384 formam
1977 3310 2419 3407 operationis

336 3446 601 3496 novam
663 3424 1109 3497 constituere
1153 3425 1545 3498 dicendum
1599 3425 1716 3497 sit.
1821 3423 2295 3497 Additionem
2343 3435 2420 3498 et

337 3536 898 3610 subductionem
957 3537 1284 3610 radicum
1334 3537 1925 3634 quadraticarum
1977 3538 2417 3633 praetermis-

336 3673 491 3722 sam
527 3651 619 3723 ab
655 3649 984 3723 Wallisio
1017 3649 1093 3722 in
1128 3651 1325 3723 hunc
1370 3651 1611 3723 locum
1648 3649 1986 3746 rejecisti.
2092 3649 2419 3723 Ostende

339 3787 513 3859 ergo
564 3785 788 3851 nunc,
827 3785 971 3858 qua
1020 3762 1367 3835 methodo
1423 3763 1885 3859 operationes
1935 3762 2078 3835 illae
2128 3763 2414 3859 perfici-

338 3887 554 3949 antur
600 3874 1211 3965 commodissime,
1250 3874 1326 3948 id
1377 3888 1511 3965 est,
1549 3877 1674 3948 ubi
1704 3876 1862 3948 fieri
1895 3886 2163 3971 potest,
2201 3900 2416 3949 accu-

338 3989 740 4070 ratissime;
781 3986 907 4059 ubi
940 3988 1098 4060 fieri
1133 4012 1280 4060 non
1315 3999 1584 4085 potest,
1614 4013 1781 4062 cum
1815 3987 2116 4061 minimo
2144 4013 2413 4062 errore.

438 4103 533 4175 Α.
589 4102 737 4175 Sed
792 4100 1326 4174 ostendendum
1362 4104 1598 4199 primo
1634 4115 1745 4176 est
1790 4103 2160 4200 quomodo
2207 4102 2415 4178 radix

340 4216 770 4311 quadratica
800 4213 1354 4310 multiplicanda
1387 4216 1483 4289 sit
1515 4239 1649 4313 per
1682 4239 2089 4289 numerum.
2196 4215 2420 4288 Radi-

338 4353 491 4403 cem
526 4342 780 4404 autem
813 4349 946 4423 per
978 4351 1364 4401 numerum
1398 4329 1936 4427 multiplicandi
1970 4327 2225 4423 regula
2255 4328 2416 4403 haec

332 4457 461 4518 est.
572 4440 1005 4518 Quadretur
1039 4451 1196 4516 tum
1231 4468 1581 4519 numerus
1607 4456 1764 4517 tum
1799 4442 2052 4527 radix;
2090 4454 2166 4515 et
2188 4442 2416 4539 quad-

2502 735 2804 778 DIALOGUS

2616 819 2702 858 1.

2640 821 2685 860 11
