3094 5125
969 497 1529 550 PROBLEMATA
1568 495 1951 550 PHYSICA.
2352 482 2498 547 349

416 660 770 735 imitatur.
834 662 1083 737 Quare
1118 662 1180 736 si
1212 663 1343 736 fiat
1375 674 1466 735 ut
1497 683 1899 759 granorum
1924 659 2258 733 cumulus
2284 659 2501 733 simul
2595 681 2731 722 cn*-
2761 679 2845 719 vx.

419 773 754 871 crepitet,
789 797 1088 848 necesse
1124 786 1236 848 est
1265 786 1354 848 ut
1385 775 1639 871 fragor
1671 796 1981 869 magnus
2015 773 2133 846 sit.
2526 747 2929 866 mmm,

518 888 619 962 A.
674 887 823 961 Sed
855 900 1250 985 antequam
1285 910 1549 961 aurum
1581 888 1716 959 fiat
1756 886 2179 975 fulminans,
2214 883 2501 959 dulcifi-
2522 870 2830 983 Qssfffi
2844 883 2925 913 '⁸‘

418 1014 652 1092 catur,
687 1013 773 1075 ut
809 1002 1336 1097 chymistarum
1370 1002 1598 1075 verbo
1633 1010 1845 1074 utar:
1897 1000 1975 1073 id
2009 1012 2145 1090 est,
2180 1000 2289 1074 sal
2323 1000 2505 1073 elui-

418 1128 566 1206 tur,
592 1129 667 1189 et
703 1114 969 1189 deinde
1003 1102 1357 1213 paulatim
1393 1116 1833 1189 desiccatur.

517 1227 614 1303 B.
667 1227 756 1301 Id
791 1239 927 1318 est,
961 1252 1155 1325 aqua
1187 1240 1655 1325 evaporatur,
1691 1227 1799 1300 sal
1827 1226 2310 1324 relinquitur:
2364 1227 2508 1300 sal-

422 1354 575 1416 tem
620 1341 1103 1438 aliquantum,
1139 1340 1337 1439 quod
1388 1341 1745 1415 siccatum
1795 1339 2224 1414 indurescit.
2329 1341 2504 1414 Non

423 1478 600 1551 ergo
653 1455 749 1528 ab
804 1479 986 1529 auro
1032 1455 1285 1552 fragor
1341 1455 1491 1544 ille,
1541 1453 1673 1528 sed
1726 1478 1773 1527 a
1820 1454 1970 1527 sale
2027 1477 2185 1527 esse
2230 1466 2500 1551 potest.

424 1568 615 1641 Sunt
649 1568 843 1641 enim
877 1567 1214 1665 pulveres
1240 1567 1463 1641 etiam
1488 1567 1620 1640 alii
1642 1566 1907 1664 quibus
1931 1590 2191 1640 aurum
2217 1568 2503 1641 nullum

422 1681 639 1770 inest,
676 1681 804 1778 qui
837 1691 1086 1755 tamen
1120 1680 1456 1754 calefacti
1492 1703 1751 1753 sonum
1791 1679 2021 1753 edunt
2066 1703 2215 1754 non
2266 1680 2506 1754 mino-

422 1817 581 1867 rem
642 1817 861 1891 quam
916 1815 1176 1866 aurum
1236 1792 1656 1865 fulminans.
1771 1791 2152 1888 Chymista
2208 1793 2508 1889 quidam

424 1906 659 1980 nostri
694 1906 1042 2002 temporis
1077 1905 1416 1995 affirmat,
1453 1902 1654 2002 quod
1689 1903 1797 1978 sal
1824 1906 2084 1978 tartari
2119 1918 2197 1979 et
2227 1907 2509 1979 nitrum

428 2042 595 2093 cum
628 2018 925 2115 paululo
961 2017 1258 2091 sulfuris
1286 2018 1538 2106 mixta,
1569 2029 1647 2090 et
1680 2017 1756 2090 in
1782 2017 2155 2114 pulverem
2181 2017 2508 2107 redacta,

429 2144 504 2206 et
536 2131 912 2221 calefacta,
944 2132 1316 2227 fragorem
1350 2130 1677 2204 efficiunt
1709 2143 2065 2228 quantum
2107 2131 2287 2205 facit
2320 2131 2511 2205 sclo-

428 2256 640 2342 petus
673 2243 1009 2318 militaris
1043 2243 1169 2341 qui
1202 2254 1666 2340 musquettus
1693 2243 2125 2339 appellatur.

531 2358 631 2432 A.
681 2357 996 2430 Videtur
1054 2357 1236 2430 mihi
1295 2378 1538 2454 operae
1593 2356 1913 2453 pretium
1971 2355 2322 2446 facturus,
2384 2357 2510 2454 qui

432 2470 749 2569 experiri
781 2470 1002 2544 vellet
1037 2482 1397 2568 quantum
1433 2470 1778 2544 effectum
1810 2468 2169 2543 haberent
2192 2469 2512 2567 pulveris

433 2584 645 2659 istius
687 2584 877 2678 (auri
911 2585 1212 2681 inquam
1242 2582 1730 2677 fulminantis)
1778 2582 2025 2681 plures
2059 2583 2275 2657 simul
2307 2583 2515 2657 librae

434 2695 515 2768 in
553 2720 824 2792 magno
869 2696 1199 2793 sclopeto
1234 2695 1733 2795 poliorcetico‚
1768 2695 2134 2793 gradatim
2181 2720 2228 2770 a
2268 2697 2518 2771 favilla

437 2809 678 2882 calida
711 2808 1105 2882 calefactae.

537 2922 637 2998 B.
691 2920 899 2995 Idem
931 2921 1195 2995 sentio.

539 3035 638 3111 A.
696 3033 896 3111 Quid
929 3044 1043 3108 est
1087 3032 1165 3106 id
1199 3032 1397 3130 quod
1429 3035 1689 3125 nubes,
1722 3048 1811 3109 ut
1844 3034 2051 3125 dicis,
2089 3035 2517 3133 congelatas

435 3146 751 3246 frangit?

534 3261 631 3338 B.
736 3259 1055 3337 Quando
1083 3259 1240 3334 dies
1266 3258 1487 3334 calidi
1514 3271 1712 3352 sunt,
1739 3260 1849 3334 sol
1868 3284 2211 3358 magnam
2245 3264 2520 3338 excitat

436 3377 725 3475 copiam
754 3399 1111 3473 vaporum
1145 3377 1305 3448 tum
1329 3398 1370 3447 e
1390 3374 1603 3463 mari,
1631 3386 1790 3448 tum
1817 3375 2040 3449 etiam
2075 3400 2116 3449 e
2149 3376 2329 3451 locis
2362 3401 2520 3451 om-

440 3492 656 3564 nibus
700 3489 1169 3586 palustribus·
1272 3487 1413 3562 His
1447 3487 1842 3583 vaporibus
1874 3487 2369 3585 pendentibus
2403 3514 2519 3564 as·

441 3615 755 3699 surgunt
779 3602 904 3676 alii
929 3602 1218 3699 aliique.
1284 3602 1496 3698 Saepe
1517 3610 1765 3674 autem
1786 3600 1963 3675 dum
1988 3627 2161 3700 pars
2186 3601 2521 3678 ascendit

444 3725 521 3788 et
551 3738 722 3811 pars
768 3713 1172 3803 descendit,
1206 3713 1440 3788 nubes
1483 3714 1678 3787 fiunt
1724 3714 1979 3811 spissae
2026 3727 2105 3790 et
2148 3716 2362 3790 simul
2403 3739 2526 3789 ca-

444 3851 801 3916 vernosae,
860 3850 993 3923 per
1047 3850 1230 3923 quas
1286 3850 1669 3924 expressus
1717 3851 1847 3901 aer
1898 3828 2149 3903 multis
2206 3829 2285 3902 in
2343 3829 2524 3903 locis

445 3941 810 4015 transiens
878 3940 1112 4013 nubes
1169 3940 1535 4037 congelat,
1594 3965 1683 4014 eo
1752 3965 1971 4038 quem
2036 3942 2303 4038 saepius
2370 3940 2528 4016 dixi

443 4053 665 4128 modo
700 4051 1078 4126 indurans,

543 4166 641 4242 A.
698 4165 788 4239 Id
823 4187 1248 4239 concessum
1282 4176 1458 4238 ante
1491 4176 1628 4238 est.
1733 4167 2006 4242 Quaero
2032 4225 2035 4230 .
2059 4176 2334 4257 autem,
2374 4190 2527 4241 non

436 4280 640 4357 unde
674 4280 751 4354 in
785 4278 1097 4375 glaciem
1130 4287 1639 4368 concrescunt,
1665 4279 1796 4356 sed
1828 4305 1876 4356 a
1907 4304 2056 4379 qua
2080 4303 2303 4355 causa
2333 4291 2529 4378 post-

441 4419 669 4494 quam
704 4391 1103 4468 durescant
1135 4390 1682 4489 diffringuntur.
