3094 5125
916 497 1540 550 MATHEMATmAE
1582 498 2071 551 nonmRNAE.
2389 486 2528 551 153

458 664 837 739 fractionis
872 664 1269 762 explicasse
1305 664 1451 739 sic:
1475 663 1785 760 fractio
1819 673 1935 738 est
1978 687 2317 739 numerus
2339 690 2534 763 par·
2613 690 2914 731 »mouns

458 779 636 852 tium
665 805 694 862 ‚·
731 777 1066 876 propria
1100 777 1386 874 quidem
1418 776 1633 850 unius
1653 804 1684 859 ;
1714 776 2134 877 impropria
2166 802 2338 850 vero
2363 778 2537 876 plu·
2615 840 2628 858 ,
2721 772 2801 811 ¹¹⁷·
2881 838 2899 857 ,

460 890 650 964 rium
685 915 906 989 quam
938 890 1173 963 unius.

560 1005 659 1078 B.
711 1005 1101 1078 Accurate.

555 1117 648 1190 A.
704 1116 991 1190 Deinde
1023 1116 1246 1190 verba
1277 1115 1461 1205 haec,
1504 1116 1648 1190 sed
1688 1126 1763 1190 et
1818 1115 1987 1190 hinc
2039 1116 2264 1190 etiam
2315 1127 2539 1215 patet

460 1230 825 1303 rationum
902 1238 978 1302 et
1027 1229 1496 1328 fractionum
1565 1229 1925 1303 identitas
1990 1231 2147 1304 cive
2212 1231 2538 1326 affinitas

465 1342 811 1431 maxima,
863 1341 1155 1415 illorum
1189 1354 1363 1414 sunt
1397 1342 1525 1437 qui
1559 1343 1737 1440 quid
1769 1354 2111 1417 accurate
2147 1343 2537 1417 dicendum

465 1456 558 1528 sit
593 1455 959 1552 ignorant.
1059 1454 1222 1527 Vox
1283 1455 1478 1527 enim
1522 1455 1650 1528 illa
1697 1456 2027 1551 qffinitas
2077 1456 2537 1530 mathemati-

467 1593 715 1642 corum
754 1592 904 1642 non
938 1579 1073 1641 est.
1178 1568 1256 1641 Si
1290 1568 1480 1641 ratio
1532 1580 1611 1642 et
1665 1569 1926 1643 fractio
1976 1570 2231 1644 eadem
2264 1594 2382 1643 res
2417 1571 2536 1670 sit,

466 1682 641 1777 quid
677 1705 859 1779 opus
889 1693 1001 1754 est
1032 1682 1236 1778 loqui
1268 1681 1359 1754 de
1394 1682 1752 1756 affinitate
1781 1683 1807 1755 ?
1895 1685 1972 1758 Si
2000 1684 2330 1770 diversae,
2357 1707 2539 1779 quo-

466 1796 684 1868 modo
718 1796 968 1868 affines
998 1793 1024 1867 ?

567 1908 663 1981 B.
719 1908 914 1982 Quia
967 1907 1229 1981 fractio
1283 1908 1645 1982 rationem
1692 1907 1974 1981 indicat
2022 1906 2394 1981 dividendi
2443 1909 2538 1982 ad

470 2019 878 2095 divisorem.

568 2134 666 2207 A.
721 2133 1207 2231 Horologium
1241 2132 1522 2207 indicat
1554 2133 1834 2207 horam.
1917 2135 2164 2210 Quare
2186 2159 2361 2231 ergo
2388 2159 2539 2209 non

471 2257 583 2321 est
647 2247 1013 2343 horologii
1065 2259 1143 2319 et
1207 2245 1410 2320 horae
1469 2247 1588 2319 vel
1648 2246 2020 2338 identitas,
2095 2248 2211 2321 vel
2279 2249 2539 2321 saltem

465 2360 778 2433 maxima
809 2360 1121 2434 affinitas
1151 2359 1175 2432 ?
1279 2361 1451 2433 Non
1503 2361 1612 2434 ita
1656 2361 2079 2434 ratiocinari
2113 2360 2353 2434 solent
2385 2384 2539 2433 ma-

466 2473 862 2546 thematici.
963 2473 1190 2547 Porro
1222 2473 1406 2561 haec,
1429 2473 1710 2572 quippe
1741 2472 1855 2546 nil
1880 2473 2092 2547 aliud
2120 2483 2287 2547 sunt
2313 2474 2541 2572 frac-

466 2587 700 2660 tione-s·
733 2612 954 2685 quam
986 2587 1358 2661 rationum
1386 2587 1992 2679 denominatores,
2015 2600 2360 2663 accurata
2391 2613 2540 2662 non

468 2713 661 2773 sunt.
764 2701 956 2774 Nam
1007 2700 1270 2774 fractio
1330 2700 1752 2775 denominat
1800 2727 2188 2777 numerum
2255 2713 2541 2777 certum

468 2823 829 2886 certarum
865 2813 1209 2910 partium,
1244 2823 1330 2887 ut
1363 2816 1427 2898 Ξ,
1463 2813 1539 2886 id
1568 2827 1699 2903 est,
1734 2825 1884 2889 tres
1916 2826 2161 2912 partes
2198 2826 2537 2913 quartas;

467 2926 594 3022 qui
627 2950 972 3000 numerus
1021 2938 1134 3000 est
1178 2927 1592 3000 absolutus:
1646 2928 1834 3001 ratio
1886 2941 2135 3002 autem
2169 2929 2538 3024 quantitas

465 3050 579 3113 est
642 3064 792 3113 non
860 3040 1219 3129 absoluta,
1283 3040 1415 3113 sed
1482 3041 1998 3136 comparativa.
2121 3042 2292 3114 Non
2359 3065 2537 3137 ergo

465 3142 890 3227 denominat
919 3153 1186 3226 fractio
1221 3153 1602 3238 rationem,
1647 3153 1778 3226 sed
1811 3153 2135 3228 ostendit
2167 3155 2538 3249 quantita-

463 3276 613 3340 tem
644 3266 933 3340 numeri
966 3266 1305 3356 absoluti,
1341 3277 1427 3338 ut
1462 3275 1532 3351 3,
1568 3267 1970 3363 comparati
2021 3290 2188 3340 cum
2230 3291 2536 3342 numero

462 3379 820 3468 absolut0‚
861 3390 948 3452 ut
980 3389 1051 3453 4.

565 3492 663 3565 B.
717 3493 892 3566 Non
949 3492 1162 3565 video
1231 3492 1598 3588 quomodo
1665 3492 1826 3566 haec
1885 3494 2140 3589 negari
2203 3504 2534 3589 possunt.

464 3604 723 3700 Neque
759 3605 1143 3701 quicquam
1181 3604 1387 3678 illum
1428 3606 1642 3700 juvat
1677 3604 1875 3701 quod
1911 3605 2254 3702 deinceps
2287 3606 2533 3696 habet,

462 3719 833 3808 nimirum,
883 3717 1085 3815 quod
1116 3718 1382 3790 Aurea
1434 3717 1735 3816 Regula
1786 3718 2154 3792 rationum
2201 3719 2538 3793 rationes

463 3841 849 3929 comparat
871 3857 900 3915 ;
956 3842 1032 3904 et
1063 3830 1264 3928 quod
1292 3854 1478 3932 opus
1510 3832 1618 3904 sit
1648 3831 2097 3905 arithmetici
2129 3858 2272 3906 non
2304 3833 2540 3904 minus

464 3946 852 4031 rationum,
886 3968 1099 4041 quam
1131 3967 1582 4016 numerorum
1618 3944 1946 4017 rationes
1979 3944 2484 4044 contemplari.

566 4059 662 4131 A.
722 4056 961 4153 Caput
992 4057 1143 4130 xlii.
1197 4069 1309 4130 est
1354 4057 1446 4130 de
1500 4056 1875 4130 additione
1929 4070 2004 4131 et
2056 4057 2536 4131 subductione

461 4169 928 4243 fractionum.
1034 4168 1254 4244 Quod
1296 4169 1386 4242 de
1440 4168 1815 4243 additione
1851 4169 2028 4243 dicit
2063 4193 2312 4243 earum
2345 4168 2537 4241 frac-

462 4282 771 4372 tionum,
809 4306 1114 4377 quarum
1148 4282 1343 4356 idem
1378 4282 1888 4356 denominator
1921 4297 2055 4372 est,
2092 4305 2344 4355 verum
2379 4292 2532 4354 est:

465 4408 543 4470 et
578 4395 872 4494 quidem
908 4396 1489 4472 demonstratum
1516 4408 1732 4487 esset,
1760 4397 1901 4472 nisi
1929 4395 2246 4469 medium
2269 4396 2533 4493 ipsum,
