3094 5125
650 483 799 549 460
938 496 1047 580 nn
1087 494 1547 549 PRINCIPIIS
1592 493 1693 547 Εἰ·
1732 493 2455 548 ΒΑΤῐοοιΝΑτιοΝΕ

255 688 393 731 cn.
417 689 596 734 xxm.
652 658 1056 736 secundum
1107 661 1513 752 Euclidem,
1560 661 1852 758 aequale
1886 669 1984 735 48
2029 660 2407 757 quadratis
2452 660 2556 734 ab'
2593 658 2740 733 Nr.

227 762 569 880 „W
653 774 786 848 Est
819 788 1068 849 autem
1104 774 1544 871 quadratum
1580 799 1626 848 a
1660 774 1765 848 Or
1795 782 1921 850 49.
2025 775 2275 849 Quare
2312 775 2374 848 si
2407 797 2739 871 gnomon

222 890 628 998 ffmmffimffiffff
654 890 863 985 cujus
905 888 1220 962 latitudo
1266 888 1361 963 sit
1395 889 1543 977 Mr,
1581 889 2261 984 circumponeretur
2299 887 2660 985 quadrato
2694 910 2745 959 a

225 1023 310 1062 etc·
620 988 830 1091 'CM‚
867 1012 1062 1076 esset
1095 1002 1218 1076 ille
1245 1025 1571 1098 gnomon
1605 1002 1904 1099 aequalis
1938 1001 2296 1099 quadrato
2330 1001 2558 1098 ipsius
2593 1001 2735 1073 Nr.

653 1115 803 1189 Sed
870 1126 1243 1188 ostensum
1298 1125 1433 1202 est,
1495 1113 1696 1210 quod
1747 1138 2074 1210 gnomon
2142 1116 2350 1212 cujus
2423 1111 2739 1187 latitudo

649 1229 747 1302 sit
782 1227 936 1317 Mr,
974 1227 1536 1322 circumpositus
1588 1227 1948 1324 quadrato
1984 1251 2030 1301 a
2071 1228 2243 1317 ΒΜ,
2290 1226 2596 1323 aequalis
2623 1238 2739 1298 est

646 1342 1009 1440 quadrato
1047 1342 1138 1415 ab
1174 1339 1433 1414 eadem
1480 1340 1622 1413 Nr.
1728 1340 1898 1413 Non
1935 1352 2046 1414 est
2081 1364 2258 1437 ergo
2296 1339 2739 1437 quadratum

648 1479 695 1531 a
728 1465 1079 1550 tangente
1115 1464 1211 1529 30
1245 1453 1611 1550 graduum
1638 1453 1733 1527 ad
1771 1453 2211 1549 quadratum
2262 1478 2308 1526 a
2342 1453 2738 1527 semiradio

646 1578 735 1641 ut
785 1577 829 1640 4
868 1567 962 1640 ad
999 1576 1069 1642 3.
1199 1566 1422 1642 Quod
1471 1578 1583 1639 est
1637 1579 1897 1639 contra
1943 1590 2154 1663 prop.
2217 1573 2339 1657 47,
2395 1567 2629 1639 Elem.
2684 1565 2733 1638 i.

652 1681 726 1756 N
730 1706 825 1754 on
849 1680 1142 1759 videtur
1177 1704 1355 1777 ergo
1387 1680 1793 1777 propositio
1827 1679 1955 1753 illa
1986 1680 2502 1755 universaliter
2522 1703 2737 1753 vera:

640 1796 779 1870 sed
818 1795 1162 1868 dubitans
1195 1794 1299 1867 nil
1334 1795 1758 1889 pronuntio.

748 1914 796 1948 “
818 1911 1047 2001 Error
1081 1909 1259 1998 est,”
1296 1908 1606 2005 inquieS,
1643 1912 1689 1946 “
1711 1907 1974 2003 aliquis
2007 1908 2124 1982 vel
2169 1909 2248 1980 in
2302 1906 2452 1995 illa,
2487 1905 2603 1979 vel
2657 1903 2734 1977 in

646 2023 788 2097 hac
825 2014 1512 2098 demonstratione.’'
1584 2021 2035 2095 Certissime.
2123 2020 2478 2095 Incumbe
2505 2019 2733 2115 igitur

645 2148 808 2211 toto
830 2136 1078 2209 animo
1114 2135 1499 2231 utriusque
1535 2135 2062 2208 examinationi
2092 2164 2110 2208 :
2166 2159 2304 2207 nec
2340 2132 2735 2206 ratiocina-

642 2250 883 2323 tiones
916 2261 1231 2339 tantum,
1267 2248 1397 2322 sed
1432 2250 1655 2321 etiam
1688 2249 2052 2345 principia
2080 2258 2366 2322 excute.
2472 2245 2735 2342 Impri-

644 2364 782 2439 mis
808 2375 1080 2451 autem,
1111 2386 1286 2436 cave
1307 2385 1401 2435 ne
1430 2361 1863 2435 tenuissima
1881 2362 2247 2458 triangula
2268 2361 2388 2434 vel
2414 2372 2736 2433 sectores

644 2476 1324 2574 quantuloscunque
1384 2487 1768 2571 computes
1825 2499 1962 2572 pro
2022 2475 2234 2548 lineis
2296 2474 2544 2562 rectia,
2605 2484 2738 2545 aut

643 2589 1328 2687 parallelogramma
1378 2587 1901 2685 obliquangula
1944 2590 2211 2686 exigua
2254 2613 2392 2686 pro
2444 2599 2734 2662 rectan-

644 2702 862 2799 gulis.
966 2701 1055 2774 Id
1089 2700 1286 2796 quod
1322 2701 1599 2775 evitare
1650 2726 1800 2775 non
1846 2714 2094 2798 potest
2146 2702 2229 2795 is,
2269 2702 2395 2798 qui
2447 2711 2736 2775 rectan-

646 2815 903 2912 gulum
963 2838 1113 2887 non
1171 2813 1610 2910 quadratum
1665 2827 1947 2889 sectum
2005 2827 2219 2913 putet
2265 2840 2311 2889 a
2350 2815 2547 2888 linea
2603 2836 2739 2910 per

645 2926 955 3024 angulos
990 2928 1365 3024 oppositos
1401 2927 1786 3012 bifariam3
1839 2940 1926 3001 ut
1960 2941 2072 3002 est
2104 2928 2183 3002 in
2233 2927 2736 3025 propositione

649 3050 772 3129 34,
810 3041 1039 3114 Elem.
1077 3040 1126 3113 i.
1232 3041 1677 3137 Quanquam
1713 3041 1911 3114 enim
1951 3041 2029 3113 in
2064 3041 2426 3139 quadrato
2480 3039 2736 3137 diago-

644 3154 833 3234 nalis
868 3153 1317 3228 considerari
1358 3164 1615 3250 ¹potest
1654 3164 1739 3228 ut
1790 3177 1996 3228 mera
2046 3153 2457 3251 longitudo,
2513 3166 2735 3249 atque

649 3268 874 3341 etiam
915 3280 1003 3341 ut
1053 3267 1623 3346 minutissimum
1668 3267 2207 3364 rectangulum,
2244 3267 2422 3363 quia
2475 3265 2738 3340 dividit

650 3381 1029 3480 oppositos
1063 3381 1371 3477 angulos
1406 3380 1778 3454 bifariam:
1831 3381 1912 3454 in
1949 3381 2270 3478 oblongo
2305 3392 2580 3469 tamen,
2606 3380 2735 3453 ubi

647 3492 1058 3591 diagonalis
1092 3517 1242 3566 non
1279 3493 1540 3567 dividit
1591 3492 1970 3590 oppositos
2019 3493 2329 3590 angulos
2371 3493 2734 3583 bifariam,

648 3606 1099 3682 considerari
1120 3629 1269 3679 non
1291 3619 1536 3703 potest
1559 3629 1798 3704 neque
1819 3618 1906 3680 ut
1933 3608 2471 3703 rectangulum,
2494 3630 2735 3703 neque

646 3733 731 3798 ut
764 3744 968 3795 mera
1000 3719 1407 3816 longitudo,
1442 3721 1575 3795 sed
1608 3735 1693 3794 ut
1725 3721 1842 3795 vel
1875 3721 2326 3817 triangulum
2355 3720 2738 3817 obliquan-

646 3836 927 3932 gulum,
962 3834 1078 3907 vel
1113 3833 1880 3931 parallelogrammum
1907 3834 2532 3932 obliquangulum.
2587 3834 2740 3908 Sed

647 3959 735 4022 nt
765 3950 958 4022 hanc
994 3947 1500 4021 difficultatem
1543 3949 1833 4021 facilius
1868 3949 2289 4022 examinare
2321 3949 2580 4044 possiS,
2616 3973 2740 4022 os-

646 4062 950 4135 tendam
995 4063 1133 4136 tibi
1167 4085 1365 4135 nunc
1400 4073 1704 4158 quanto,
1733 4064 1948 4159 juxta
1972 4063 2384 4150 Euclidem,
2420 4061 2746 4161 qnadra-

647 4188 808 4250 tum
842 4200 888 4248 a
919 4186 1271 4273 tangente
1320 4182 1415 4250 30
1461 4173 1823 4271 graduum
1872 4178 2110 4274 majus
2160 4188 2271 4251 est
2305 4198 2523 4274 quam
2561 4200 2742 4272 qua·

648 4288 945 4364 dratum
978 4312 1024 4362 a
1057 4287 1472 4363 semiradi0.

748 4401 932 4480 Dico
968 4415 1213 4477 autem
1250 4401 1689 4499 quadratum
1724 4427 1769 4480 a
1803 4412 2154 4501 tangente
2207 4409 2302 4477 30
2338 4400 2738 4499 graduum,
