<?xml version="1.0" encoding="UTF-8"?>
<!DOCTYPE html PUBLIC "-//W3C//DTD XHTML 1.0 Transitional//EN"
    "http://www.w3.org/TR/xhtml1/DTD/xhtml1-transitional.dtd">
<html xmlns="http://www.w3.org/1999/xhtml" xml:lang="en" lang="en">
 <head>
  <title>
</title>
<meta http-equiv="Content-Type" content="text/html;charset=utf-8" />
  <meta name='ocr-system' content='tesseract 3.04.00' />
  <meta name='ocr-capabilities' content='ocr_page ocr_carea ocr_par ocr_line ocrx_word'/>
</head>
<body>
  <div class='ocr_page' id='page_1' title='image "./thomhobbesmalme02molegoog_0038.png"; bbox 0 0 3094 5125; ppageno 0'>
   <div class='ocr_carea' id='block_1_1' title="bbox 701 483 2352 553">
    <p class='ocr_par' dir='ltr' id='par_1_1' title="bbox 701 483 2352 553">
     <span class='ocr_line' id='line_1_1' title="bbox 701 483 2352 553; baseline 0.003 -5"><span class='ocrx_word' id='word_1_1' title='bbox 701 483 796 548; x_wconf 87' lang='lat'>26</span> <span class='ocrx_word' id='word_1_2' title='bbox 1136 499 1673 553; x_wconf 70' lang='lat' dir='ltr'>ExAmNA&#39;l-lo</span> <span class='ocrx_word' id='word_1_3' title='bbox 1714 499 1816 551; x_wconf 80' lang='lat' dir='ltr'>ET</span> <span class='ocrx_word' id='word_1_4' title='bbox 1855 499 2352 553; x_wconf 51' lang='lat' dir='ltr'>nul-:Nolano</span> 
     </span>
    </p>
   </div>
   <div class='ocr_carea' id='block_1_2' title="bbox 318 663 2792 2924">
    <p class='ocr_par' dir='ltr' id='par_1_2' title="bbox 318 663 2792 2924">
     <span class='ocr_line' id='line_1_2' title="bbox 318 663 2234 764; baseline 0.007 -38"><span class='ocrx_word' id='word_1_5' title='bbox 318 683 622 730; x_wconf 64' lang='lat' dir='ltr'>mucuns</span> <span class='ocrx_word' id='word_1_6' title='bbox 798 663 897 737; x_wconf 89' lang='lat' dir='ltr'>B.</span> <span class='ocrx_word' id='word_1_7' title='bbox 954 664 1153 739; x_wconf 78' lang='lat' dir='ltr'>Quid</span> <span class='ocrx_word' id='word_1_8' title='bbox 1189 665 1371 739; x_wconf 92' lang='lat' dir='ltr'>illud</span> <span class='ocrx_word' id='word_1_9' title='bbox 1406 677 1536 755; x_wconf 86' lang='lat' dir='ltr'>est,</span> <span class='ocrx_word' id='word_1_10' title='bbox 1572 667 1939 764; x_wconf 77' lang='lat' dir='ltr'>praefinito</span> <span class='ocrx_word' id='word_1_11' title='bbox 1973 666 2175 764; x_wconf 92' lang='lat' dir='ltr'>loqui</span> <span class='ocrx_word' id='word_1_12' title='bbox 2207 669 2234 740; x_wconf 71' lang='grc' dir='ltr'>’ἒ</span> 
     </span>
     <span class='ocr_line' id='line_1_3' title="bbox 320 767 2789 879; baseline 0.001 -29"><span class='ocrx_word' id='word_1_13' title='bbox 320 767 607 874; x_wconf 42' lang='lat' dir='ltr'>„lg-d</span> <span class='ocrx_word' id='word_1_14' title='bbox 797 778 897 853; x_wconf 83' lang='lat' dir='ltr'>A.</span> <span class='ocrx_word' id='word_1_15' title='bbox 952 779 1324 854; x_wconf 85' lang='lat' dir='ltr'>Praefinito</span> <span class='ocrx_word' id='word_1_16' title='bbox 1347 780 1571 877; x_wconf 89' lang='lat' dir='ltr'>loqui,</span> <span class='ocrx_word' id='word_1_17' title='bbox 1596 793 1711 854; x_wconf 91' lang='lat' dir='ltr'>est</span> <span class='ocrx_word' id='word_1_18' title='bbox 1735 782 2110 855; x_wconf 86' lang='lat' dir='ltr'>vocabulis</span> <span class='ocrx_word' id='word_1_19' title='bbox 2133 781 2242 854; x_wconf 90' lang='lat' dir='ltr'>uti</span> <span class='ocrx_word' id='word_1_20' title='bbox 2264 780 2789 879; x_wconf 59' lang='lat' dir='ltr'>proedsfinitis,</span> 
     </span>
     <span class='ocr_line' id='line_1_4' title="bbox 693 892 2792 990; baseline 0.001 -25"><span class='ocrx_word' id='word_1_21' title='bbox 693 892 1104 989; x_wconf 63' lang='lat' dir='ltr'>praesertim</span> <span class='ocrx_word' id='word_1_22' title='bbox 1172 894 1315 967; x_wconf 87' lang='lat' dir='ltr'>illis</span> <span class='ocrx_word' id='word_1_23' title='bbox 1384 918 1475 968; x_wconf 86' lang='lat' dir='ltr'>ex</span> <span class='ocrx_word' id='word_1_24' title='bbox 1539 895 1804 990; x_wconf 90' lang='lat' dir='ltr'>quibus</span> <span class='ocrx_word' id='word_1_25' title='bbox 1872 905 2213 969; x_wconf 82' lang='lat' dir='ltr'><strong>constare</strong></span> <span class='ocrx_word' id='word_1_26' title='bbox 2281 894 2556 968; x_wconf 89' lang='lat' dir='ltr'>debent</span> <span class='ocrx_word' id='word_1_27' title='bbox 2612 918 2792 968; x_wconf 91' lang='lat' dir='ltr'>con-</span> 
     </span>
     <span class='ocr_line' id='line_1_5' title="bbox 696 1006 2788 1083; baseline 0.001 -3"><span class='ocrx_word' id='word_1_28' title='bbox 696 1006 1061 1080; x_wconf 87' lang='lat' dir='ltr'>clusiones</span> <span class='ocrx_word' id='word_1_29' title='bbox 1115 1006 1730 1083; x_wconf 69' lang='lat' dir='ltr'>demonstrandae.</span> <span class='ocrx_word' id='word_1_30' title='bbox 1836 1010 2025 1082; x_wconf 88' lang='lat' dir='ltr'><strong>Sunt</strong></span> <span class='ocrx_word' id='word_1_31' title='bbox 2070 1008 2266 1082; x_wconf 89' lang='lat' dir='ltr'>enim</span> <span class='ocrx_word' id='word_1_32' title='bbox 2319 1008 2788 1083; x_wconf 87' lang='lat' dir='ltr'>definitiones</span> 
     </span>
     <span class='ocr_line' id='line_1_6' title="bbox 693 1120 2788 1219; baseline 0.001 -27"><span class='ocrx_word' id='word_1_33' title='bbox 693 1120 1058 1217; x_wconf 89' lang='lat' dir='ltr'>principia</span> <span class='ocrx_word' id='word_1_34' title='bbox 1092 1121 1590 1207; x_wconf 84' lang='lat' dir='ltr'>scientiarum,</span> <span class='ocrx_word' id='word_1_35' title='bbox 1614 1121 1767 1195; x_wconf 87' lang='lat' dir='ltr'>sive</span> <span class='ocrx_word' id='word_1_36' title='bbox 1800 1122 2341 1219; x_wconf 80' lang='lat' dir='ltr'>propositiones</span> <span class='ocrx_word' id='word_1_37' title='bbox 2375 1121 2452 1194; x_wconf 91' lang='lat' dir='ltr'>in</span> <span class='ocrx_word' id='word_1_38' title='bbox 2490 1122 2788 1196; x_wconf 89' lang='lat' dir='ltr'>demon-</span> 
     </span>
     <span class='ocr_line' id='line_1_7' title="bbox 695 1234 2783 1332; baseline 0.002 -26"><span class='ocrx_word' id='word_1_39' title='bbox 695 1234 1052 1307; x_wconf 85' lang='lat' dir='ltr'>stratione</span> <span class='ocrx_word' id='word_1_40' title='bbox 1088 1235 1417 1308; x_wconf 91' lang='lat' dir='ltr'>omnium</span> <span class='ocrx_word' id='word_1_41' title='bbox 1451 1236 1757 1332; x_wconf 89' lang='lat' dir='ltr'>primae;</span> <span class='ocrx_word' id='word_1_42' title='bbox 1813 1260 1979 1330; x_wconf 88' lang='lat' dir='ltr'>quae</span> <span class='ocrx_word' id='word_1_43' title='bbox 2027 1235 2169 1307; x_wconf 89' lang='lat' dir='ltr'>nisi</span> <span class='ocrx_word' id='word_1_44' title='bbox 2214 1247 2581 1309; x_wconf 86' lang='lat' dir='ltr'>accuratae</span> <span class='ocrx_word' id='word_1_45' title='bbox 2615 1237 2783 1325; x_wconf 90' lang='lat' dir='ltr'>sint,</span> 
     </span>
     <span class='ocr_line' id='line_1_8' title="bbox 696 1348 2782 1443; baseline 0.001 -24"><span class='ocrx_word' id='word_1_46' title='bbox 696 1370 861 1442; x_wconf 84' lang='lat' dir='ltr'>quae</span> <span class='ocrx_word' id='word_1_47' title='bbox 897 1359 1321 1443; x_wconf 73' lang='lat' dir='ltr'>sequuturae</span> <span class='ocrx_word' id='word_1_48' title='bbox 1354 1361 1528 1422; x_wconf 90' lang='lat' dir='ltr'>sunt</span> <span class='ocrx_word' id='word_1_49' title='bbox 1564 1371 1818 1423; x_wconf 86' lang='lat' dir='ltr'>omnes</span> <span class='ocrx_word' id='word_1_50' title='bbox 1861 1348 2165 1421; x_wconf 88' lang='lat' dir='ltr'>incertae</span> <span class='ocrx_word' id='word_1_51' title='bbox 2201 1358 2439 1420; x_wconf 87' lang='lat' dir='ltr'>erunt.</span> <span class='ocrx_word' id='word_1_52' title='bbox 2545 1349 2782 1422; x_wconf 88' lang='lat' dir='ltr'>Accu-</span> 
     </span>
     <span class='ocr_line' id='line_1_9' title="bbox 693 1459 2777 1559; baseline 0.002 -27"><span class='ocrx_word' id='word_1_53' title='bbox 693 1473 854 1533; x_wconf 87' lang='lat' dir='ltr'>rate</span> <span class='ocrx_word' id='word_1_54' title='bbox 887 1474 1134 1533; x_wconf 87' lang='lat' dir='ltr'>autem</span> <span class='ocrx_word' id='word_1_55' title='bbox 1174 1460 1501 1551; x_wconf 89' lang='lat' dir='ltr'>definire,</span> <span class='ocrx_word' id='word_1_56' title='bbox 1539 1461 1906 1559; x_wconf 84' lang='lat' dir='ltr'>dependet</span> <span class='ocrx_word' id='word_1_57' title='bbox 1952 1460 2042 1534; x_wconf 89' lang='lat' dir='ltr'>ab</span> <span class='ocrx_word' id='word_1_58' title='bbox 2078 1459 2459 1533; x_wconf 83' lang='lat' dir='ltr'>intellectu</span> <span class='ocrx_word' id='word_1_59' title='bbox 2491 1486 2777 1553; x_wconf 85' lang='lat' dir='ltr'>vocum,</span> 
     </span>
     <span class='ocr_line' id='line_1_10' title="bbox 692 1572 2781 1670; baseline 0.001 -24"><span class='ocrx_word' id='word_1_60' title='bbox 692 1573 784 1646; x_wconf 87' lang='lat' dir='ltr'>ab</span> <span class='ocrx_word' id='word_1_61' title='bbox 855 1572 1369 1647; x_wconf 87' lang='lat' dir='ltr'>observatione</span> <span class='ocrx_word' id='word_1_62' title='bbox 1440 1575 1808 1670; x_wconf 92' lang='lat' dir='ltr'>quomodo</span> <span class='ocrx_word' id='word_1_63' title='bbox 1887 1573 2460 1670; x_wconf 89' lang='lat' dir='ltr'>significationes</span> <span class='ocrx_word' id='word_1_64' title='bbox 2530 1598 2781 1649; x_wconf 89' lang='lat' dir='ltr'>earum</span> 
     </span>
     <span class='ocr_line' id='line_1_11' title="bbox 691 1686 2780 1785; baseline 0.001 -25"><span class='ocrx_word' id='word_1_65' title='bbox 691 1711 827 1784; x_wconf 89' lang='lat' dir='ltr'>pro</span> <span class='ocrx_word' id='word_1_66' title='bbox 864 1686 1288 1761; x_wconf 85' lang='lat' dir='ltr'>diversitate</span> <span class='ocrx_word' id='word_1_67' title='bbox 1317 1689 2034 1762; x_wconf 80' lang='lat' dir='ltr'>circumstantiarum</span> <span class='ocrx_word' id='word_1_68' title='bbox 2067 1688 2468 1776; x_wconf 87' lang='lat' dir='ltr'>variantur,</span> <span class='ocrx_word' id='word_1_69' title='bbox 2494 1700 2573 1760; x_wconf 90' lang='lat' dir='ltr'>et</span> <span class='ocrx_word' id='word_1_70' title='bbox 2609 1689 2780 1785; x_wconf 86' lang='lat' dir='ltr'>quid</span> 
     </span>
     <span class='ocr_line' id='line_1_12' title="bbox 694 1801 2777 1898; baseline 0.001 -25"><span class='ocrx_word' id='word_1_71' title='bbox 694 1801 792 1873; x_wconf 85' lang='lat' dir='ltr'>sit</span> <span class='ocrx_word' id='word_1_72' title='bbox 861 1801 1061 1898; x_wconf 93' lang='lat' dir='ltr'>quod</span> <span class='ocrx_word' id='word_1_73' title='bbox 1119 1802 1197 1874; x_wconf 93' lang='lat' dir='ltr'>in</span> <span class='ocrx_word' id='word_1_74' title='bbox 1275 1804 1477 1876; x_wconf 91' lang='lat' dir='ltr'>omni</span> <span class='ocrx_word' id='word_1_75' title='bbox 1543 1804 1669 1877; x_wconf 89' lang='lat' dir='ltr'>illa</span> <span class='ocrx_word' id='word_1_76' title='bbox 1739 1801 2358 1898; x_wconf 89' lang='lat' dir='ltr'>significationum</span> <span class='ocrx_word' id='word_1_77' title='bbox 2427 1803 2777 1876; x_wconf 85' lang='lat' dir='ltr'>varietate</span> 
     </span>
     <span class='ocr_line' id='line_1_13' title="bbox 692 1916 2779 2013; baseline 0.001 -25"><span class='ocrx_word' id='word_1_78' title='bbox 692 1927 806 1989; x_wconf 86' lang='lat' dir='ltr'>est</span> <span class='ocrx_word' id='word_1_79' title='bbox 835 1939 1268 2000; x_wconf 88' lang='lat' dir='ltr'>commune;</span> <span class='ocrx_word' id='word_1_80' title='bbox 1303 1939 1477 1990; x_wconf 87' lang='lat' dir='ltr'>nam</span> <span class='ocrx_word' id='word_1_81' title='bbox 1511 1917 1589 1990; x_wconf 90' lang='lat' dir='ltr'>id</span> <span class='ocrx_word' id='word_1_82' title='bbox 1625 1916 1824 2012; x_wconf 94' lang='lat' dir='ltr'>quod</span> <span class='ocrx_word' id='word_1_83' title='bbox 1855 1939 1988 2011; x_wconf 89' lang='lat' dir='ltr'>per</span> <span class='ocrx_word' id='word_1_84' title='bbox 2007 1916 2447 1988; x_wconf 85' lang='lat' dir='ltr'>vocabulum</span> <span class='ocrx_word' id='word_1_85' title='bbox 2480 1916 2779 2013; x_wconf 83' lang='lat' dir='ltr'>aliquod</span> 
     </span>
     <span class='ocr_line' id='line_1_14' title="bbox 689 2029 2776 2127; baseline 0 -23"><span class='ocrx_word' id='word_1_86' title='bbox 689 2029 958 2127; x_wconf 90' lang='lat' dir='ltr'>ubique</span> <span class='ocrx_word' id='word_1_87' title='bbox 993 2030 1449 2127; x_wconf 85' lang='lat' dir='ltr'>intelligitur,</span> <span class='ocrx_word' id='word_1_88' title='bbox 1486 2030 1668 2103; x_wconf 90' lang='lat' dir='ltr'>illud</span> <span class='ocrx_word' id='word_1_89' title='bbox 1715 2042 1829 2103; x_wconf 90' lang='lat' dir='ltr'>est</span> <span class='ocrx_word' id='word_1_90' title='bbox 1872 2029 2313 2125; x_wconf 88' lang='lat' dir='ltr'>significatio</span> <span class='ocrx_word' id='word_1_91' title='bbox 2360 2030 2517 2124; x_wconf 84' lang='lat' dir='ltr'>ejus</span> <span class='ocrx_word' id='word_1_92' title='bbox 2563 2055 2776 2104; x_wconf 89' lang='lat' dir='ltr'>accu-</span> 
     </span>
     <span class='ocr_line' id='line_1_15' title="bbox 688 2141 2775 2238; baseline -0 -21"><span class='ocrx_word' id='word_1_93' title='bbox 688 2156 873 2219; x_wconf 90' lang='lat' dir='ltr'>rata.</span> <span class='ocrx_word' id='word_1_94' title='bbox 1001 2145 1226 2220; x_wconf 77' lang='lat' dir='ltr'>Quod</span> <span class='ocrx_word' id='word_1_95' title='bbox 1286 2144 1348 2217; x_wconf 89' lang='lat' dir='ltr'>si</span> <span class='ocrx_word' id='word_1_96' title='bbox 1407 2143 1900 2217; x_wconf 87' lang='lat' dir='ltr'>necessarium</span> <span class='ocrx_word' id='word_1_97' title='bbox 1961 2141 2353 2238; x_wconf 90' lang='lat' dir='ltr'>aliquando</span> <span class='ocrx_word' id='word_1_98' title='bbox 2410 2142 2636 2217; x_wconf 89' lang='lat' dir='ltr'>fuerit</span> <span class='ocrx_word' id='word_1_99' title='bbox 2693 2158 2775 2216; x_wconf 91' lang='lat' dir='ltr'>ut</span> 
     </span>
     <span class='ocr_line' id='line_1_16' title="bbox 686 2253 2775 2347; baseline 0.001 -19"><span class='ocrx_word' id='word_1_100' title='bbox 686 2258 1043 2330; x_wconf 87' lang='lat' dir='ltr'>vocabulo</span> <span class='ocrx_word' id='word_1_101' title='bbox 1079 2269 1375 2330; x_wconf 87' lang='lat' dir='ltr'>utamur</span> <span class='ocrx_word' id='word_1_102' title='bbox 1407 2280 1627 2343; x_wconf 88' lang='lat' dir='ltr'>novo,</span> <span class='ocrx_word' id='word_1_103' title='bbox 1662 2253 1878 2329; x_wconf 87' lang='lat' dir='ltr'>facile</span> <span class='ocrx_word' id='word_1_104' title='bbox 1925 2266 2039 2327; x_wconf 89' lang='lat' dir='ltr'>est</span> <span class='ocrx_word' id='word_1_105' title='bbox 2097 2255 2279 2328; x_wconf 92' lang='lat' dir='ltr'>illud</span> <span class='ocrx_word' id='word_1_106' title='bbox 2332 2254 2664 2347; x_wconf 88' lang='lat' dir='ltr'>definire,</span> <span class='ocrx_word' id='word_1_107' title='bbox 2699 2257 2775 2330; x_wconf 91' lang='lat' dir='ltr'>id</span> 
     </span>
     <span class='ocr_line' id='line_1_17' title="bbox 688 2367 2777 2467; baseline 0.001 -26"><span class='ocrx_word' id='word_1_108' title='bbox 688 2380 822 2458; x_wconf 90' lang='lat' dir='ltr'>est,</span> <span class='ocrx_word' id='word_1_109' title='bbox 861 2369 1038 2466; x_wconf 88' lang='lat' dir='ltr'>quid</span> <span class='ocrx_word' id='word_1_110' title='bbox 1072 2393 1207 2442; x_wconf 92' lang='lat' dir='ltr'>nos</span> <span class='ocrx_word' id='word_1_111' title='bbox 1242 2369 1467 2443; x_wconf 86' lang='lat' dir='ltr'>verbo</span> <span class='ocrx_word' id='word_1_112' title='bbox 1519 2379 1776 2442; x_wconf 87' lang='lat' dir='ltr'>nostro</span> <span class='ocrx_word' id='word_1_113' title='bbox 1833 2368 2147 2464; x_wconf 85' lang='lat' dir='ltr'>intelligi</span> <span class='ocrx_word' id='word_1_114' title='bbox 2180 2367 2518 2442; x_wconf 86' lang='lat' dir='ltr'>volumus</span> <span class='ocrx_word' id='word_1_115' title='bbox 2553 2371 2777 2467; x_wconf 84' lang='lat' dir='ltr'>expli-</span> 
     </span>
     <span class='ocr_line' id='line_1_18' title="bbox 688 2482 2774 2579; baseline 0.001 -25"><span class='ocrx_word' id='word_1_116' title='bbox 688 2504 877 2555; x_wconf 86' lang='lat' dir='ltr'>care.</span> <span class='ocrx_word' id='word_1_117' title='bbox 968 2483 1230 2579; x_wconf 83' lang='lat' dir='ltr'>Itaque</span> <span class='ocrx_word' id='word_1_118' title='bbox 1263 2482 1404 2555; x_wconf 91' lang='lat' dir='ltr'>hoc</span> <span class='ocrx_word' id='word_1_119' title='bbox 1437 2494 1638 2555; x_wconf 89' lang='lat' dir='ltr'>recte</span> <span class='ocrx_word' id='word_1_120' title='bbox 1664 2483 1908 2556; x_wconf 86' lang='lat' dir='ltr'>facere</span> <span class='ocrx_word' id='word_1_121' title='bbox 1941 2494 2115 2555; x_wconf 90' lang='lat' dir='ltr'>ante</span> <span class='ocrx_word' id='word_1_122' title='bbox 2143 2506 2396 2556; x_wconf 87' lang='lat' dir='ltr'>omnes</span> <span class='ocrx_word' id='word_1_123' title='bbox 2431 2483 2774 2557; x_wconf 83' lang='lat' dir='ltr'>scientias</span> 
     </span>
     <span class='ocr_line' id='line_1_19' title="bbox 689 2595 2773 2693; baseline 0.001 -24"><span class='ocrx_word' id='word_1_124' title='bbox 689 2595 1122 2670; x_wconf 86' lang='lat' dir='ltr'>discendum</span> <span class='ocrx_word' id='word_1_125' title='bbox 1158 2608 1292 2670; x_wconf 90' lang='lat' dir='ltr'>est.</span> <span class='ocrx_word' id='word_1_126' title='bbox 1394 2598 1493 2669; x_wconf 87' lang='lat' dir='ltr'>Et</span> <span class='ocrx_word' id='word_1_127' title='bbox 1555 2598 1715 2672; x_wconf 86' lang='lat' dir='ltr'>haec</span> <span class='ocrx_word' id='word_1_128' title='bbox 1770 2597 2066 2693; x_wconf 90' lang='lat' dir='ltr'>quidem</span> <span class='ocrx_word' id='word_1_129' title='bbox 2114 2598 2266 2669; x_wconf 85' lang='lat' dir='ltr'>sive</span> <span class='ocrx_word' id='word_1_130' title='bbox 2312 2598 2578 2693; x_wconf 91' lang='lat' dir='ltr'>peritia</span> <span class='ocrx_word' id='word_1_131' title='bbox 2625 2600 2773 2672; x_wconf 84' lang='lat' dir='ltr'>sive</span> 
     </span>
     <span class='ocr_line' id='line_1_20' title="bbox 688 2710 2772 2808; baseline 0.001 -25"><span class='ocrx_word' id='word_1_132' title='bbox 688 2710 1082 2807; x_wconf 87' lang='lat' dir='ltr'>prudentia</span> <span class='ocrx_word' id='word_1_133' title='bbox 1142 2721 1342 2784; x_wconf 87' lang='lat' dir='ltr'>recte</span> <span class='ocrx_word' id='word_1_134' title='bbox 1403 2711 1825 2799; x_wconf 90' lang='lat' dir='ltr'>definiendi,</span> <span class='ocrx_word' id='word_1_135' title='bbox 1878 2734 2041 2806; x_wconf 86' lang='lat' dir='ltr'>quae</span> <span class='ocrx_word' id='word_1_136' title='bbox 2096 2711 2503 2806; x_wconf 89' lang='lat' dir='ltr'>acquiritur</span> <span class='ocrx_word' id='word_1_137' title='bbox 2556 2736 2772 2808; x_wconf 88' lang='lat' dir='ltr'>expe-</span> 
     </span>
     <span class='ocr_line' id='line_1_21' title="bbox 689 2824 2773 2924; baseline 0.001 -28"><span class='ocrx_word' id='word_1_138' title='bbox 689 2824 956 2897; x_wconf 89' lang='lat' dir='ltr'>rientia</span> <span class='ocrx_word' id='word_1_139' title='bbox 990 2825 1188 2897; x_wconf 88' lang='lat' dir='ltr'>circa</span> <span class='ocrx_word' id='word_1_140' title='bbox 1219 2824 1613 2898; x_wconf 89' lang='lat' dir='ltr'>verborum</span> <span class='ocrx_word' id='word_1_141' title='bbox 1662 2849 1900 2914; x_wconf 87' lang='lat' dir='ltr'>usum,</span> <span class='ocrx_word' id='word_1_142' title='bbox 1935 2834 2244 2897; x_wconf 89' lang='lat' dir='ltr'>vocatur</span> <span class='ocrx_word' id='word_1_143' title='bbox 2280 2824 2773 2924; x_wconf 75' lang='lat' dir='ltr'>Philosophia</span> 
     </span>
    </p>
   </div>
   <div class='ocr_carea' id='block_1_3' title="bbox 686 2936 2771 3136">
    <p class='ocr_par' dir='ltr' id='par_1_3' title="bbox 686 2936 2771 3136">
     <span class='ocr_line' id='line_1_22' title="bbox 686 2936 976 3011; baseline 0.007 -2"><span class='ocrx_word' id='word_1_144' title='bbox 686 2936 976 3011; x_wconf 86' lang='lat' dir='ltr'>Prima.</span> 
     </span>
     <span class='ocr_line' id='line_1_23' title="bbox 785 3037 2771 3136; baseline 0.002 -26"><span class='ocrx_word' id='word_1_145' title='bbox 785 3038 884 3111; x_wconf 90' lang='lat' dir='ltr'>B.</span> <span class='ocrx_word' id='word_1_146' title='bbox 942 3040 1453 3136; x_wconf 86' lang='lat' dir='ltr'>Supponamus</span> <span class='ocrx_word' id='word_1_147' title='bbox 1494 3052 1744 3114; x_wconf 88' lang='lat' dir='ltr'>autem</span> <span class='ocrx_word' id='word_1_148' title='bbox 1784 3038 2157 3112; x_wconf 85' lang='lat' dir='ltr'>hominem</span> <span class='ocrx_word' id='word_1_149' title='bbox 2190 3037 2614 3112; x_wconf 88' lang='lat' dir='ltr'>ratiocinari</span> <span class='ocrx_word' id='word_1_150' title='bbox 2649 3064 2771 3113; x_wconf 86' lang='lat' dir='ltr'>ac-</span> 
     </span>
    </p>
   </div>
   <div class='ocr_carea' id='block_1_4' title="bbox 660 3152 2772 4382">
    <p class='ocr_par' dir='ltr' id='par_1_4' title="bbox 685 3152 2772 3477">
     <span class='ocr_line' id='line_1_24' title="bbox 685 3152 2772 3250; baseline 0.002 -27"><span class='ocrx_word' id='word_1_151' title='bbox 685 3165 939 3225; x_wconf 87' lang='lat' dir='ltr'>curate</span> <span class='ocrx_word' id='word_1_152' title='bbox 990 3154 1147 3249; x_wconf 90' lang='lat' dir='ltr'>jam</span> <span class='ocrx_word' id='word_1_153' title='bbox 1200 3177 1436 3250; x_wconf 87' lang='lat' dir='ltr'>posse.</span> <span class='ocrx_word' id='word_1_154' title='bbox 1543 3154 1818 3228; x_wconf 77' lang='lat' dir='ltr'>Quaero</span> <span class='ocrx_word' id='word_1_155' title='bbox 1867 3163 2045 3247; x_wconf 91' lang='lat' dir='ltr'>quot</span> <span class='ocrx_word' id='word_1_156' title='bbox 2090 3162 2263 3224; x_wconf 92' lang='lat' dir='ltr'>sunt</span> <span class='ocrx_word' id='word_1_157' title='bbox 2307 3152 2659 3242; x_wconf 78' lang='lat' dir='ltr'>scientiae,</span> <span class='ocrx_word' id='word_1_158' title='bbox 2696 3165 2772 3228; x_wconf 91' lang='lat' dir='ltr'>et</span> 
     </span>
     <span class='ocr_line' id='line_1_25' title="bbox 686 3267 2768 3365; baseline 0.001 -25"><span class='ocrx_word' id='word_1_159' title='bbox 686 3268 1053 3362; x_wconf 89' lang='lat' dir='ltr'>quomodo</span> <span class='ocrx_word' id='word_1_160' title='bbox 1107 3293 1240 3365; x_wconf 91' lang='lat' dir='ltr'>per</span> <span class='ocrx_word' id='word_1_161' title='bbox 1300 3269 1768 3343; x_wconf 88' lang='lat' dir='ltr'>definitiones</span> <span class='ocrx_word' id='word_1_162' title='bbox 1821 3267 2155 3365; x_wconf 88' lang='lat' dir='ltr'>proprias</span> <span class='ocrx_word' id='word_1_163' title='bbox 2221 3267 2385 3341; x_wconf 87' lang='lat' dir='ltr'>aliae</span> <span class='ocrx_word' id='word_1_164' title='bbox 2452 3269 2546 3342; x_wconf 92' lang='lat' dir='ltr'>ab</span> <span class='ocrx_word' id='word_1_165' title='bbox 2607 3269 2768 3343; x_wconf 88' lang='lat' dir='ltr'>aliis</span> 
     </span>
     <span class='ocr_line' id='line_1_26' title="bbox 685 3380 1290 3477; baseline 0.002 -25"><span class='ocrx_word' id='word_1_166' title='bbox 685 3380 1241 3477; x_wconf 88' lang='lat' dir='ltr'>distinguuntur</span> <span class='ocrx_word' id='word_1_167' title='bbox 1265 3381 1290 3453; x_wconf 69' lang='grc' dir='ltr'><strong><em>ἓ</em></strong></span> 
     </span>
    </p>

    <p class='ocr_par' dir='ltr' id='par_1_5' title="bbox 660 3493 2767 4382">
     <span class='ocr_line' id='line_1_27' title="bbox 779 3493 2766 3585; baseline 0.002 -21"><span class='ocrx_word' id='word_1_168' title='bbox 779 3493 873 3568; x_wconf 80' lang='grc' dir='ltr'>Α.</span> <span class='ocrx_word' id='word_1_169' title='bbox 930 3495 1100 3569; x_wconf 90' lang='lat' dir='ltr'>Una</span> <span class='ocrx_word' id='word_1_170' title='bbox 1139 3507 1252 3568; x_wconf 85' lang='lat' dir='ltr'>est</span> <span class='ocrx_word' id='word_1_171' title='bbox 1295 3495 1626 3568; x_wconf 91' lang='lat' dir='ltr'>omnium</span> <span class='ocrx_word' id='word_1_172' title='bbox 1669 3516 1916 3568; x_wconf 87' lang='lat' dir='ltr'>rerum</span> <span class='ocrx_word' id='word_1_173' title='bbox 1971 3493 2280 3566; x_wconf 88' lang='lat' dir='ltr'>scientia</span> <span class='ocrx_word' id='word_1_174' title='bbox 2311 3494 2766 3585; x_wconf 80' lang='lat' dir='ltr'>universaliS,</span> 
     </span>
     <span class='ocr_line' id='line_1_28' title="bbox 682 3606 2767 3704; baseline -0 -23"><span class='ocrx_word' id='word_1_175' title='bbox 682 3631 846 3704; x_wconf 85' lang='lat' dir='ltr'>quae</span> <span class='ocrx_word' id='word_1_176' title='bbox 900 3608 1310 3704; x_wconf 89' lang='lat' dir='ltr'>appellatur</span> <span class='ocrx_word' id='word_1_177' title='bbox 1342 3606 1859 3704; x_wconf 76' lang='lat' dir='ltr'>Philosophia,</span> <span class='ocrx_word' id='word_1_178' title='bbox 1922 3629 2142 3704; x_wconf 90' lang='lat' dir='ltr'>quam</span> <span class='ocrx_word' id='word_1_179' title='bbox 2197 3607 2303 3679; x_wconf 90' lang='lat' dir='ltr'>sic</span> <span class='ocrx_word' id='word_1_180' title='bbox 2367 3606 2767 3680; x_wconf 75' lang='lat' dir='ltr'>definio.—</span> 
     </span>
     <span class='ocr_line' id='line_1_29' title="bbox 682 3718 2766 3817; baseline 0.001 -26"><span class='ocrx_word' id='word_1_181' title='bbox 682 3718 1168 3817; x_wconf 82' lang='lat' dir='ltr'>Pkilosophia</span> <span class='ocrx_word' id='word_1_182' title='bbox 1236 3730 1351 3793; x_wconf 87' lang='lat' dir='ltr'>est</span> <span class='ocrx_word' id='word_1_183' title='bbox 1420 3720 1904 3793; x_wconf 85' lang='lat' dir='ltr'>accidentium</span> <span class='ocrx_word' id='word_1_184' title='bbox 1971 3744 2132 3817; x_wconf 79' lang='lat' dir='ltr'>qua&gt;</span> <span class='ocrx_word' id='word_1_185' title='bbox 2198 3730 2601 3817; x_wconf 78' lang='lat' dir='ltr'>apparent,</span> <span class='ocrx_word' id='word_1_186' title='bbox 2673 3746 2766 3794; x_wconf 75' lang='lat' dir='ltr'>ex</span> 
     </span>
     <span class='ocr_line' id='line_1_30' title="bbox 678 3833 2766 3932; baseline 0 -26"><span class='ocrx_word' id='word_1_187' title='bbox 678 3833 1001 3931; x_wconf 86' lang='lat' dir='ltr'>cognitis</span> <span class='ocrx_word' id='word_1_188' title='bbox 1037 3857 1285 3907; x_wconf 84' lang='lat' dir='ltr'>eornm</span> <span class='ocrx_word' id='word_1_189' title='bbox 1316 3833 1921 3931; x_wconf 69' lang='lat' dir='ltr'>generationibus</span> <span class='ocrx_word' id='word_1_190' title='bbox 1942 3861 1973 3917; x_wconf 90' lang='lat'><em>;</em></span> <span class='ocrx_word' id='word_1_191' title='bbox 2020 3843 2097 3906; x_wconf 87' lang='lat' dir='ltr'>et</span> <span class='ocrx_word' id='word_1_192' title='bbox 2146 3856 2412 3905; x_wconf 82' lang='lat' dir='ltr'>rursus</span> <span class='ocrx_word' id='word_1_193' title='bbox 2458 3858 2554 3906; x_wconf 78' lang='lat' dir='ltr'>ex</span> <span class='ocrx_word' id='word_1_194' title='bbox 2587 3859 2766 3932; x_wconf 85' lang='lat' dir='ltr'>cog-</span> 
     </span>
     <span class='ocr_line' id='line_1_31' title="bbox 677 3944 2761 4043; baseline 0 -24"><span class='ocrx_word' id='word_1_195' title='bbox 677 3945 856 4020; x_wconf 85' lang='lat' dir='ltr'>nitis</span> <span class='ocrx_word' id='word_1_196' title='bbox 891 3944 1422 4034; x_wconf 80' lang='lat' dir='ltr'>accidentibus,</span> <span class='ocrx_word' id='word_1_197' title='bbox 1440 3946 2003 4042; x_wconf 80' lang='lat' dir='ltr'>generationum</span> <span class='ocrx_word' id='word_1_198' title='bbox 2040 3970 2199 4042; x_wconf 82' lang='lat' dir='ltr'>quae</span> <span class='ocrx_word' id='word_1_199' title='bbox 2234 3969 2400 4017; x_wconf 85' lang='lat' dir='ltr'>esse</span> <span class='ocrx_word' id='word_1_200' title='bbox 2420 3956 2761 4043; x_wconf 80' lang='lat' dir='ltr'>possunt,</span> 
     </span>
     <span class='ocr_line' id='line_1_32' title="bbox 660 4057 2760 4156; baseline 0.001 -25"><span class='ocrx_word' id='word_1_201' title='bbox 660 4083 816 4156; x_wconf 88' lang='lat' dir='ltr'>per</span> <span class='ocrx_word' id='word_1_202' title='bbox 880 4067 1156 4132; x_wconf 84' lang='lat' dir='ltr'>rectam</span> <span class='ocrx_word' id='word_1_203' title='bbox 1242 4057 1884 4132; x_wconf 84' lang='lat' dir='ltr'>ratiocinationem</span> <span class='ocrx_word' id='word_1_204' title='bbox 1961 4058 2287 4156; x_wconf 79' lang='lat' dir='ltr'>cognitio</span> <span class='ocrx_word' id='word_1_205' title='bbox 2365 4059 2760 4154; x_wconf 82' lang='lat' dir='ltr'>acquisita.</span> 
     </span>
     <span class='ocr_line' id='line_1_33' title="bbox 674 4170 2762 4268; baseline -0.001 -21"><span class='ocrx_word' id='word_1_206' title='bbox 674 4174 1041 4248; x_wconf 9' lang='lat' dir='ltr'>,Quaerunt</span> <span class='ocrx_word' id='word_1_207' title='bbox 1093 4172 1289 4245; x_wconf 90' lang='lat' dir='ltr'>enim</span> <span class='ocrx_word' id='word_1_208' title='bbox 1333 4170 1750 4267; x_wconf 87' lang='lat' dir='ltr'>philosophi</span> <span class='ocrx_word' id='word_1_209' title='bbox 1796 4195 2048 4244; x_wconf 89' lang='lat' dir='ltr'>omnes</span> <span class='ocrx_word' id='word_1_210' title='bbox 2084 4171 2283 4244; x_wconf 87' lang='lat' dir='ltr'>eirca</span> <span class='ocrx_word' id='word_1_211' title='bbox 2318 4194 2473 4244; x_wconf 90' lang='lat' dir='ltr'>rem</span> <span class='ocrx_word' id='word_1_212' title='bbox 2508 4173 2762 4268; x_wconf 84' lang='lat' dir='ltr'>cogni-</span> 
     </span>
     <span class='ocr_line' id='line_1_34' title="bbox 675 4283 2762 4382; baseline 0 -23"><span class='ocrx_word' id='word_1_213' title='bbox 675 4298 851 4376; x_wconf 84' lang='lat' dir='ltr'>tam,</span> <span class='ocrx_word' id='word_1_214' title='bbox 886 4287 1003 4361; x_wconf 89' lang='lat' dir='ltr'>vel</span> <span class='ocrx_word' id='word_1_215' title='bbox 1037 4286 1214 4382; x_wconf 92' lang='lat' dir='ltr'>quid</span> <span class='ocrx_word' id='word_1_216' title='bbox 1269 4285 1360 4359; x_wconf 89' lang='lat' dir='ltr'>ab</span> <span class='ocrx_word' id='word_1_217' title='bbox 1414 4308 1502 4357; x_wconf 91' lang='lat' dir='ltr'>ea</span> <span class='ocrx_word' id='word_1_218' title='bbox 1554 4283 1863 4379; x_wconf 90' lang='lat' dir='ltr'>produci</span> <span class='ocrx_word' id='word_1_219' title='bbox 1914 4296 2184 4380; x_wconf 91' lang='lat' dir='ltr'>potest,</span> <span class='ocrx_word' id='word_1_220' title='bbox 2221 4284 2338 4358; x_wconf 88' lang='lat' dir='ltr'>vel</span> <span class='ocrx_word' id='word_1_221' title='bbox 2370 4284 2567 4358; x_wconf 92' lang='lat' dir='ltr'>unde</span> <span class='ocrx_word' id='word_1_222' title='bbox 2604 4286 2762 4382; x_wconf 85' lang='lat' dir='ltr'>ipsa</span> 
     </span>
    </p>
   </div>
  </div>
 </body>
</html>
