3094 5125
613 468 756 534 344
1160 481 1714 534 PaonnuMA‘rA
1753 483 2136 537 mesmA.

272 673 409 724 cn.
440 675 522 718 v1.
612 647 717 720 sic
753 646 1152 737 descendit,
1186 647 1349 720 fieri
1393 671 1543 722 non
1584 659 1829 744 potest
1875 649 2051 746 quin
2093 672 2339 723 aerem
2384 657 2559 721 ante
2604 669 2687 720 se

243 742 531 778 κ--Ὺ-..α

190 813 435 871 nepum,
447 820 592 868 mm,
610 784 845 858 usque
898 761 993 834 ad
1038 760 1494 857 superficiem
1547 772 1765 835 terrae
1816 762 2202 859 propellat,
2240 772 2313 835 et
2356 782 2606 834 rursus
2641 782 2690 831 a

187 878 372 936 ἨΜΘ
397 880 500 925 00¹³
520 894 591 925 '⁸-
612 887 811 948 terra
842 874 1241 972 repellatur
1272 874 1468 948 idem
1501 898 1670 948 aer:
1707 875 1903 949 unde
1925 888 2181 949 ventos
2205 875 2365 947 fieri
2390 895 2687 946 necesse

189 944 429 989 rietaubus.

611 999 724 1061 est
758 1009 1362 1084 quaquaversum,
1397 988 1524 1085 qui
1558 988 1789 1061 nubes
1816 988 1994 1062 alias
2025 988 2104 1062 in
2132 1011 2315 1084 quas
2350 986 2690 1060 incidunt

607 1099 1048 1197 propellent.

710 1209 807 1284 A.
857 1214 1063 1287 Esto.
1167 1211 1314 1287 Sed
1359 1212 1666 1287 nubium
1721 1225 1965 1288 motus
2011 1213 2268 1289 tardus
2315 1210 2686 1310 quomodo

611 1337 871 1400 ventos
906 1326 1129 1400 efficit
1160 1336 1317 1400 tam
1348 1326 1636 1400 veloces
1668 1326 1693 1399 Ρ

711 1436 807 1512 Β.
860 1440 1034 1514 Non
1077 1440 1297 1515 unius
1348 1452 1479 1514 aut
1534 1440 1845 1515 duarum
1890 1440 2219 1526 nubium,
2256 1439 2388 1515 sed
2419 1441 2690 1518 multa-

612 1576 778 1625 rum
828 1552 1259 1650 plerumque
1304 1564 1380 1627 et
1433 1578 1866 1651 magnarum
1921 1541 2223 1629 effectus
2277 1564 2392 1628 est.
2424 1566 2689 1628 ventus

613 1689 945 1762 magnus,
1049 1668 1433 1758 Praeterea,
1483 1669 1681 1742 facto
1726 1669 1884 1764 jam
1928 1680 2169 1757 vento,
2223 1667 2516 1764 cogitur
2562 1689 2693 1739 aer

614 1781 1012 1877 saepissime
1044 1781 1120 1854 in
1157 1782 1319 1856 loca
1367 1782 1685 1857 nubibus
1729 1784 1887 1879 jam
1931 1795 2103 1856 ante
2143 1791 2558 1855 camerata:
2611 1791 2689 1853 et

614 1905 1008 1991 propterea
1038 1907 1423 1970 ventorum
1466 1897 1576 1970 vis
1631 1897 1723 1970 ab
1780 1897 2121 1994 angustia
2170 1894 2314 1968 loci
2371 1893 2688 1967 maxime

614 2018 949 2105 augetur.

713 2120 814 2193 A.
869 2121 1025 2194 Cur
1070 2121 1341 2197 Auster
1396 2122 1632 2220 magis
1676 2146 1895 2221 quam
1946 2121 2072 2196 alii
2122 2120 2321 2195 venti
2369 2119 2691 2217 pluviam

611 2233 909 2309 adfert?

713 2345 807 2420 Β.
863 2347 1010 2421 Ubi
1064 2348 1172 2422 sol
1228 2360 1342 2422 est
1382 2348 1956 2445 potentissimus,
2003 2359 2079 2422 et
2119 2347 2351 2421 maria
2393 2344 2689 2441 amplis-

614 2462 821 2549 sima,
879 2461 958 2534 id
1019 2474 1154 2549 est,
1212 2462 1292 2534 in
1349 2462 1680 2557 partibus
1720 2474 1940 2537 terrae
1991 2462 2361 2558 (respectu
2414 2460 2685 2554 nostri)

613 2574 1081 2663 australibuS,
1116 2576 1219 2648 ibi
1254 2575 1569 2671 plurima
1622 2586 1735 2649 est
1779 2576 1856 2649 in
1891 2600 2060 2650 aere
2093 2599 2306 2671 aqua,
2342 2599 2561 2672 quam
2592 2571 2690 2647 ad

614 2711 751 2761 nos
803 2687 1090 2761 adferre
1146 2687 1344 2760 solus
1390 2690 1663 2762 Auster
1712 2698 1982 2785 potest.
2083 2689 2360 2762 Verum
2417 2686 2690 2760 imbres

615 2824 920 2897 magnos
953 2800 1104 2874 vidi
1157 2801 1379 2875 etiam
1433 2801 1828 2898 aliquando
1874 2826 1921 2876 a
1951 2813 2172 2876 vento
2220 2802 2525 2891 boreali,
2559 2799 2692 2874 sed

613 2913 695 2986 in
728 2924 1021 2988 aestate:
1056 2914 1160 2987 ita
1191 2927 1278 2989 ut
1309 2915 1542 2988 nubes
1570 2915 1729 2988 illas
1757 2914 2012 2989 allatas
2039 2916 2243 3012 prius
2270 2916 2364 2989 ab
2392 2918 2690 3004 Austro,

616 3038 692 3102 et
723 3028 1206 3124 praeterlatas‚
1241 3041 1581 3124 putarem
1612 3052 1660 3103 a
1696 3028 1936 3102 Borea
1965 3029 2234 3102 relatas
2271 3051 2457 3102 esse.

717 3142 817 3216 A.
867 3143 1040 3217 Vidi
1094 3142 1486 3240 aliquando
1535 3142 1895 3237 navigans
1937 3141 2171 3215 undas
2223 3142 2580 3238 ingenteS,
2616 3150 2693 3214 et

615 3280 960 3353 magnam
1019 3257 1241 3331 maris
1295 3256 1875 3346 concussionem,
1923 3279 2093 3329 cum
2146 3268 2395 3330 tamen
2448 3254 2694 3328 nullus

615 3371 915 3444 omnino
951 3372 1454 3468 perciperetur
1486 3380 1774 3443 ventus,

713 3481 810 3558 Β.
864 3484 1067 3560 Quid
1099 3495 1346 3559 autem
1378 3483 1599 3581 paulo
1632 3481 1855 3580 post?

712 3599 807 3673 A.
860 3600 1253 3696 Plusquam
1285 3599 1672 3686 voluimuS‚
1707 3596 2103 3693 procellam
2142 3597 2545 3693 ingentem,
2579 3593 2692 3667 id-

617 3738 760 3812 que
793 3715 991 3787 intra
1026 3712 1265 3786 minus
1295 3737 1513 3811 quam
1550 3722 1883 3809 quartam
1918 3721 2205 3807 partem
2239 3710 2466 3784 horae.

715 3827 810 3903 Β.
863 3827 954 3901 Id
1007 3837 1139 3916 est,
1195 3839 1457 3900 ventus
1516 3837 1691 3899 ante
1744 3823 2109 3914 veniebat,
2177 3834 2345 3919 post
2412 3824 2689 3896 aderat.

615 3942 1050 4016 Venientem
1117 3952 1363 4014 autem
1430 3938 1808 4036 percipere
1873 3961 2023 4011 non
2090 3936 2454 4033 potuistiS‚
2519 3935 2693 4032 quia

615 4068 857 4130 motus
910 4055 1097 4129 aeris
1145 4053 1518 4142 tendebat,
1553 4063 1856 4148 propter
1891 4050 2320 4124 descensum
2364 4048 2690 4138 nubium,

618 4168 995 4242 deorsum:
1031 4168 1156 4265 qui
1191 4189 1317 4240 aer
1349 4166 1442 4239 ab
1477 4188 1671 4262 aqua
1701 4163 2218 4237 reflectebatur
2251 4185 2562 4251 sursum,
2592 4172 2690 4248 et,

617 4281 853 4354 donec
903 4281 1189 4354 vicinus
1258 4289 1439 4366 erat,
1499 4301 1722 4374 supra
1779 4276 1965 4350 vela.
2070 4276 2330 4373 Itaque
2391 4279 2692 4350 ventum

618 4419 764 4468 non
802 4396 1146 4486 sentienS,
1184 4417 1330 4478 non
1367 4415 1521 4468 esse
1559 4390 2045 4466 existimabas,
