3094 5125
267 640 403 682 CAP.
432 642 522 684 111.

246 711 532 746 s--f--ae

271 772 341 817 De
357 787 515 819 vacuo.

620 430 766 500 322
1166 440 1730 496 PaonLaMATA
1767 439 2148 493 Pan1cA.

618 613 820 688 Quid
854 611 1051 685 enim
1095 624 1226 686 aut
1271 610 1668 700 attrahere,
1722 621 1854 683 aut
1905 608 2279 706 impellere
2333 617 2709 681 suctorem

614 727 860 823 potuit
886 724 982 798 ad
1014 725 1257 800 locum
1292 724 1497 798 illum
1531 722 1731 797 unde
1763 733 2128 796 retractus
2164 731 2345 811 erat,
2380 722 2443 795 si
2467 719 2705 817 cylin-

616 839 792 912 drus
823 837 1082 911 fuisset
1115 836 1443 912 vacuus?
1517 836 1715 911 Nam
1747 846 1834 909 ut
1867 835 2055 909 aeris
2080 834 2368 931 pondus
2401 832 2706 931 aliquod

614 952 692 1026 id
725 952 1012 1026 efficere
1045 952 1396 1048 potuerit,
1431 951 1700 1025 falsum
1740 972 1899 1024 esse
1933 949 2111 1023 satis
2143 972 2365 1047 supra
2397 948 2703 1022 demon-

613 1065 866 1154 stravi,
901 1066 993 1138 ab
1029 1086 1119 1138 eo
1154 1065 1353 1162 quod
1385 1088 1513 1138 aer
1546 1065 1626 1138 in
1652 1087 1821 1139 aere
1853 1063 2223 1158 gravitate
2250 1086 2400 1136 non
2424 1073 2699 1159 potest.

614 1177 835 1252 Nosti
867 1178 1092 1250 etiam
1128 1177 1351 1275 quod,
1385 1203 1556 1252 cum
1591 1200 1632 1251 e
1665 1176 2067 1274 recipiente
2118 1199 2363 1250 aerem
2404 1198 2701 1249 omnem

621 1291 738 1385 (ut
770 1290 892 1364 ille
926 1291 1361 1388 loquuntur)
1414 1291 1827 1388 exugerint,
1863 1301 2177 1387 possunt
2209 1301 2458 1364 tamen
2490 1300 2700 1363 trans

612 1405 884 1477 vitrum
918 1404 997 1478 id
1031 1404 1229 1500 quod
1274 1404 1473 1479 intus
1512 1407 1602 1479 fit
1643 1404 1918 1493 videre,
1966 1416 2044 1477 et
2100 1427 2361 1477 sonum
2418 1403 2480 1477 si
2533 1403 2700 1499 quis

612 1518 745 1590 fiat
778 1516 954 1590 inde
989 1516 1267 1590 audire.
1358 1517 1447 1591 Id
1483 1517 1683 1615 quod
1716 1518 1975 1605 solum,
2011 1516 2152 1590 etsi
2183 1518 2466 1591 nullum
2497 1514 2705 1590 aliud

614 1643 1131 1726 argumentum
1165 1642 1358 1705 esset
1399 1631 1605 1727 (sunt
1637 1644 1888 1706 autem
1922 1630 2214 1726 multa),
2251 1630 2349 1704 ad
2379 1628 2703 1726 proban-

616 1743 791 1817 dum
852 1743 1135 1818 nullum
1189 1767 1347 1819 esse
1407 1746 1486 1820 in
1556 1745 1957 1842 recipiente
2025 1767 2340 1817 vacuum
2407 1741 2704 1816 abunde

615 1857 904 1932 sufficit.

715 1975 816 2049 A.
869 1974 989 2048 Ad
1021 1975 1204 2048 illud
1246 1987 1519 2063 autem,
1578 1974 1778 2073 quod
1833 1974 1896 2048 si
1938 1973 2183 2047 vesica
2240 1973 2704 2068 aliquatenus

614 2089 869 2162 inflata
900 2089 976 2160 in
1014 2088 1413 2184 recipiente
1445 2078 1888 2176 includatur,
1923 2085 2143 2182 paulo
2194 2095 2364 2181 post
2407 2108 2540 2181 per
2574 2108 2704 2158 ex-

614 2201 988 2274 uctionem
1021 2200 1209 2274 aeris
1243 2201 1546 2275 inflatur
1580 2198 2085 2274 vehementius
2119 2209 2196 2272 et
2230 2197 2703 2294 dirumpitur,

615 2314 794 2409 quid
828 2312 1277 2409 respondes?

715 2426 814 2500 A.
869 2427 1124 2500 Motus
1157 2426 1475 2522 partium
1511 2426 1700 2499 aeris
1733 2425 2222 2521 undequaque
2255 2446 2703 2497 concurren-

613 2538 799 2612 tium
829 2539 1346 2629 velocissimuS,
1384 2550 1459 2614 et
1493 2545 1625 2636 per
1660 2562 2100 2613 concursum
2137 2538 2215 2611 in
2249 2535 2502 2635 spatiis
2534 2537 2703 2611 bre-

613 2652 924 2726 vissimis
951 2676 1401 2748 numeroque
1438 2652 1745 2726 infinitis
1777 2652 2201 2750 gyrationes
2226 2651 2704 2726 velocissimae

614 2764 933 2838 vesicam
968 2765 1045 2838 in
1079 2766 1259 2840 locis
1289 2766 1940 2840 innumerabilibus
1969 2767 2184 2841 simul
2218 2777 2294 2840 et
2325 2767 2399 2839 vi
2432 2788 2704 2862 magna

615 2878 849 2952 instar
893 2877 1198 2953 totidem
1236 2879 1696 2953 terebrarum
1738 2880 2154 2976 penetrat*,
2190 2879 2602 2976 praesertim
2638 2879 2703 2952 si

614 2991 859 3066 vesica
893 3004 1292 3090 antequam
1310 2992 1778 3082 immittatur,
1802 3016 1946 3089 quo
1970 2993 2206 3089 magis
2228 2994 2545 3082 resistat,
2567 2992 2705 3066 ali-

616 3116 977 3200 quatenus
998 3107 1255 3180 inflata
1274 3108 1394 3181 sit.
1464 3107 1857 3202 Postquam
1891 3117 2139 3180 autem
2160 3130 2289 3180 aer
2306 3116 2702 3203 penetrans

616 3219 841 3291 semel
873 3219 1242 3316 ingressus
1278 3232 1411 3308 est,
1446 3219 1660 3293 facile
1694 3219 2023 3315 cogitare
2050 3232 2262 3317 potes
2300 3244 2444 3315 quo
2478 3231 2703 3316 pacto

617 3332 961 3429 deinceps
986 3333 1303 3407 vesicam
1325 3333 1582 3407 tendet
1610 3344 1687 3406 et
1721 3331 2022 3406 tandem
2048 3344 2362 3428 rumpet.
2425 3333 2701 3406 Verum

617 3447 678 3518 si
712 3457 1105 3541 antequam
1132 3458 1538 3542 rumpatur,
1565 3468 1775 3519 versa
1801 3445 2178 3535 clavicula,
2201 3469 2329 3519 aer
2353 3458 2702 3520 externus

617 3557 1076 3646 admittatur,
1118 3558 1399 3632 videbis
1432 3558 1774 3647 vesicam,
1818 3571 2120 3655 propter
2161 3560 2701 3633 vehementiam

618 3683 862 3744 motus
895 3681 1398 3767 temperatam,
1436 3671 1800 3746 diminuta
1841 3672 2177 3746 tensione
2220 3673 2697 3769 rugosiorem.

620 3785 816 3864 Nam
852 3784 930 3858 id
958 3807 1246 3882 quoque
1282 3786 1752 3858 observatum
1785 3796 1922 3859 est.
1993 3786 2037 3859 J
2041 3810 2159 3858 am
2195 3785 2256 3859 si
2290 3786 2453 3859 haec
2480 3810 2702 3882 quam

622 3898 774 3972 dixi
810 3922 1052 3987 causa,
1089 3897 1331 3971 minus
1365 3898 1502 3971 tibi
1538 3898 1872 3972 videatur
1905 3891 2360 3973 verisimilis:
2403 3899 2571 3972 vide
2605 3924 2703 3973 an

621 4023 728 4102 tu,
765 4023 894 4086 aut
927 4012 1110 4085 alius
1145 4012 1560 4109 quicunque
1594 4011 1982 4108 imaginari
2006 4023 2274 4108 potest,
2311 4037 2455 4109 quo
2481 4023 2702 4109 pacto

620 4125 865 4198 vesica
908 4123 1227 4198 distendi
1274 4135 1349 4197 et
1393 4124 1637 4221 rumpi
1679 4125 1910 4221 possit
1955 4150 2001 4199 a
2033 4126 2311 4199 viribus
2351 4127 2589 4215 vacui,
2624 4125 2704 4198 id

621 4249 757 4329 est,
791 4238 1028 4312 nihili.

1241 4452 1275 4488 ยน*
1308 4450 1406 4511 Sic
1432 4451 1591 4510 Edit.
1630 4453 1780 4510 1662
1809 4460 1869 4511 et
1902 4454 2072 4510 1668.
