3094 5125
847 503 1415 563 QUADRATURA
1456 504 1820 558 crucum.
2229 491 2376 556 493

393 671 561 744 Jam
612 672 1062 770 triangulum
1100 670 1300 748 AGO
1342 672 1437 746 ad
1481 672 1931 769 triangulum
1985 669 2206 764 AYQ
2264 685 2378 748 est
2485 697 2637 737 paor
2686 696 2708 735 1

274 794 381 857 ut
417 793 460 857 5
498 784 596 858 ad
628 794 701 859 4.

395 899 591 994 Ergo
613 900 1018 996 trapezium
1047 897 1320 991 CYQG
1346 909 1457 972 est
1502 907 1564 987 l,
1591 922 1902 995 quorum
1928 899 2380 997 triangulum

279 1009 497 1086 AGC
533 1024 649 1086 est
676 1023 745 1103 5,
782 1026 861 1086 et
912 1014 1362 1110 triangulum
1416 1010 1638 1103 AYQ
1682 1022 1753 1100 4,
1804 1023 1883 1086 et
1927 1013 2383 1110 triangulum

280 1122 485 1198 ALh
532 1136 635 1217 l}-
737 1128 836 1200 Et
892 1129 1065 1226 quia
1113 1127 1566 1223 triangulum
1619 1123 1840 1218 AYQ
1878 1129 2146 1201 sectori
2181 1126 2379 1203 ACL

278 1248 407 1312 est
441 1239 742 1336 aequale,
777 1240 1225 1337 triangulum
1264 1238 1463 1315 AGC
1512 1252 1626 1313 est
1672 1248 1742 1328 5,
1777 1263 2091 1335 quorum
2136 1253 2383 1314 sector

282 1348 495 1424 ACL
538 1363 652 1425 est
702 1361 775 1424 4.
900 1353 1098 1448 Ergo
1151 1352 1524 1425 trilineum
1562 1349 1754 1427 CLG
1806 1364 1923 1425 est
1967 1362 2031 1438 l,
2066 1376 2382 1449 quorum

281 1474 538 1536 sector
572 1463 768 1540 ACL
806 1476 917 1538 est
951 1476 994 1538 4
1024 1495 1041 1538 ε
1094 1464 1433 1560 idemque
1466 1464 1839 1538 trilineum
1877 1462 2069 1540 CLG
2103 1466 2381 1562 aequale

282 1578 624 1672 trapezio
663 1575 961 1668 CYQG.

400 1688 771 1762 Quoniam
809 1713 986 1787 ergo
1037 1689 1490 1786 triangulum
1527 1687 1715 1762 ALh
1768 1701 1882 1763 est
1926 1699 2029 1780 14,
2064 1713 2379 1785 quorum

284 1801 672 1875 trilineum
732 1799 926 1878 CLG
983 1813 1094 1876 est
1140 1812 1199 1893 1,
1249 1815 1326 1876 et
1370 1802 1740 1875 trilineum
1797 1799 2055 1877 CLBG
2120 1802 2379 1898 (ipsius

292 1912 494 1990 CLG
530 1914 869 2011 duplum)
912 1925 984 2002 2,
1022 1915 1147 2013 qui
1198 1927 1310 1988 est
1353 1937 1691 1988 excessus
1736 1914 2077 2011 quadrati
2113 1913 2379 1990 ABGO

302 2052 530 2126 supra
563 2028 1046 2126 quadrantem
1080 2027 1317 2103 ABG:
1374 2040 1450 2102 et
1500 2028 1874 2101 trilineum
1913 2026 2087 2102 CLI»
2142 2027 2380 2124 dupli-

291 2154 567 2230 catum,
587 2165 853 2238 nempe
888 2165 1231 2216 excessus
1258 2141 1687 2240 quadrantis
1711 2139 1911 2215 ABG
1936 2165 2160 2237 supra
2193 2140 2383 2216 Ale

292 2254 773 2352 duplicatum,
813 2255 954 2329 erit
1001 2265 1046 2329 3
1082 2279 1394 2352 quorum
1443 2256 1821 2329 trilineum
1868 2253 2124 2330 CLBG
2164 2268 2274 2329 est
2309 2265 2382 2328 2.

288 2369 431 2442 Est
464 2393 642 2465 ergo
688 2392 1027 2443 excessus
1074 2369 1417 2465 quadrati
1451 2366 1718 2444 ABGO
1754 2392 1976 2465 supra
2020 2368 2383 2464 quadran·

289 2492 443 2554 tem
477 2481 575 2555 ad
607 2506 981 2556 excessum
1019 2482 1449 2579 quadrantis
1498 2505 1721 2579 supra
1775 2481 2159 2555 dimidium
2205 2504 2386 2579 qua-

294 2594 490 2669 drati
525 2594 815 2686 ABGC,
863 2608 948 2670 ut
995 2607 1040 2670 2
1079 2596 1174 2671 ad
1211 2607 1281 2671 3.
1387 2596 1610 2672 Quod
1664 2608 1823 2671 erat
1872 2597 2383 2670 demonstran-

296 2706 495 2781 dum.

843 3197 1293 3276 CUBATIO
1350 3199 1837 3276 SPHAERAE.

1025 3576 1524 3629 PROPOSITIO
1566 3578 1658 3628 11.

306 3707 634 3806 Sphaeroe
665 3707 876 3801 cujus
912 3705 1280 3779 diameter
1315 3715 1427 3779 est
1464 3705 1609 3792 ΟΕ,
1646 3706 2002 3804 :equalem
2052 3708 2384 3784 invenire

1194 3818 1470 3893 cubum.

311 3956 385 4033 S1
441 3958 634 4032 enim
699 3958 1108 4054 (supposito
1155 3957 1355 4054 quod
1408 3959 1710 4056 planum
1745 3959 2082 4058 quadrati
2130 3958 2377 4036 FGHI

309 4073 393 4146 sit
444 4074 524 4146 in
576 4072 995 4165 horizonte)
1036 4072 1416 4169 erigantur
1462 4074 1538 4147 in
1591 4075 1885 4171 punctis
1925 4075 2013 4161 C,
2037 4072 2138 4165 Y,
2168 4075 2249 4164 P,
2280 4076 2375 4163 Q,

309 4185 383 4270 L,
401 4191 469 4273 β,
495 4184 579 4273 Β,
610 4201 673 4272 Ὺ,
693 4184 781 4274 Τ,
813 4185 907 4271 K,
931 4198 995 4275 δ,
1022 4185 1107 4275 Ε,
1136 4219 1208 4275 π,
1237 4219 1285 4274 ε,
1311 4186 1387 4276 S,
1415 4186 1512 4277 Ν,
1549 4193 1606 4276 Ζ,
1636 4188 1728 4276 D,
1753 4221 1813 4276 η,
1844 4187 1934 4277 R,
1959 4188 2069 4277 Μ,
2098 4191 2159 4278 θ,
2208 4211 2376 4283 per-

307 4298 803 4396 pendiculares
849 4297 1240 4371 altitudine
1275 4310 1551 4395 quanta
1597 4313 1709 4373 est
1756 4311 1958 4373 recta
1992 4299 2123 4374 AO
2157 4323 2379 4396 super

309 4411 796 4487 horizontem:
852 4411 1154 4509 planum
1189 4411 1496 4488 ductum
1526 4437 1663 4510 per
1696 4415 1986 4489 illarum
2021 4415 2378 4489 terminos

2459 721 2748 801 5...ssae
