3094 5125
693 473 840 543 418
979 491 1087 543 nn
1126 491 1587 545 ancu’ns
1628 494 1729 546 ET
1770 494 2501 547 RATIOOINATIONE

319 680 455 722 cn.
481 682 589 724 111.
690 655 1122 754 buscunque
1192 659 1514 733 numeris
1583 659 1890 733 eandem
1972 660 2407 734 habentibus
2478 685 2815 758 propor-

331 807 572 853 n0fflffl,
695 769 1019 857 tionem;
1074 771 1337 845 deinde
1371 772 1566 846 idem
1603 773 2107 846 demonstrare
2136 774 2529 847 convenire
2560 775 2816 847 etiam

327 873 589 919 ¹⁸⁶⁰¹²¹b¹¹⁸·
693 882 771 955 in
807 887 1607 960 commensurabilibus,
1713 888 1881 960 Hoc
1916 899 2164 961 tamen
2200 911 2563 983 nusquam
2601 912 2815 984 prae-

694 997 952 1071 stitum
995 1012 1129 1072 est.
1234 1000 1493 1095 Itaque
1553 999 1749 1072 idem
1809 1011 1920 1073 est
1974 1024 2062 1073 ac
2116 1002 2176 1073 si
2233 1000 2559 1088 dixisset,
2618 1000 2814 1073 ideo

693 1110 899 1184 illum
920 1113 1502 1209 proportionalia
1523 1114 1627 1186 sic
1652 1113 2046 1202 definiisse,
2075 1115 2249 1208 quia
2272 1114 2810 1187 definitionem

694 1225 1073 1299 meliorem
1107 1225 1436 1300 nondum
1470 1239 1767 1322 poterat
1799 1227 2146 1323 reperire.

792 1339 1277 1434 Exponantur
1360 1351 1676 1436 quatuor
1775 1340 2067 1412 numeri
2165 1340 2808 1436 proportionaleS,

695 1458 742 1525 8
772 1461 858 1525 :4
902 1480 967 1525 :2
1004 1460 1051 1525 6
1081 1481 1099 1525 :
1124 1461 1195 1526 3.
1299 1452 1523 1526 Vides
1573 1453 1695 1526 hic
1747 1452 1927 1525 duas
1976 1453 2374 1526 relationes
2418 1453 2654 1528 totius
2692 1455 2807 1527 ad

692 1564 1077 1639 dimidium
1099 1593 1121 1638 ι
1190 1579 1364 1640 sunt
1431 1566 1629 1640 enim
1698 1578 1938 1640 totum
1999 1576 2076 1640 et
2136 1565 2521 1640 dimidium
2591 1568 2804 1641 rela-

690 1677 867 1767 tiva,
905 1691 982 1751 et
1021 1679 1282 1752 relatio
1329 1679 1556 1752 totius
1592 1686 1638 1751 8
1674 1677 1770 1751 ad
1823 1677 2209 1752 dimidium
2263 1701 2479 1751 suum
2535 1689 2608 1767 4,
2662 1703 2802 1754 ea-

693 1791 863 1865 dem
916 1792 1181 1865 relatio
1237 1816 1402 1888 quae
1460 1791 1685 1865 totius
1739 1798 1786 1863 6
1848 1790 1944 1863 ad
2005 1815 2216 1864 suum
2274 1790 2662 1865 dimidium
2711 1802 2796 1868 3.

693 1905 900 1979 Idem
969 1904 1117 1978 dici
1171 1906 1395 1979 etiam
1452 1916 1697 2001 potest
1758 1904 1851 1977 de
1919 1905 2184 1994 tertiiS,
2241 1906 2548 2000 quartis,
2606 1919 2790 1997 etc„

688 2043 897 2115 aeque
943 2042 1033 2092 ac
1091 2018 1182 2092 de
1233 2018 1576 2093 dimidiis.
1702 2019 1912 2092 Patet
1968 2042 2147 2115 ergo
2204 2020 2569 2092 rationem
2618 2044 2789 2094 esse

688 2132 1170 2206 relationem:
1223 2144 1300 2208 et
1350 2134 1713 2209 rationem
1767 2131 2078 2206 eandem
2126 2155 2284 2206 esse
2342 2133 2787 2208 relationem

689 2243 1025 2319 eandem.
1078 2246 1176 2318 Et
1194 2258 1589 2342 propterea
1614 2243 2170 2341 proportionem
2197 2244 2275 2317 in
2297 2246 2624 2319 numeris
2643 2270 2794 2342 per

676 2369 953 2457 parte-s·
987 2358 1282 2433 easdem
1314 2372 1517 2433 recte
1557 2357 1892 2432 definivit
1923 2356 2286 2433 Euclides.
2392 2359 2540 2432 Sed
2573 2360 2781 2432 inve-

689 2472 848 2546 nire
885 2472 1138 2546 debuit
1171 2472 1448 2569 aliquid
1483 2472 1683 2570 quod
1715 2471 2120 2545 rationibus
2154 2472 2376 2546 etiam
2413 2474 2779 2570 magnitu-

689 2585 944 2660 dinum
978 2586 1828 2660 incommensurabilium
1855 2588 2301 2661 conveniret.
2355 2587 2506 2662 Cur
2525 2599 2780 2662 autem

688 2723 841 2771 non
896 2698 1125 2773 fecit?
1238 2700 1356 2771 An
1423 2698 1871 2795 impossibile
1933 2698 2147 2775 erat?
2270 2700 2567 2788 Nescio,
2628 2700 2784 2777 nisi

689 2812 888 2909 quod
938 2812 1034 2887 sit
1078 2812 1396 2886 difficile.
1496 2813 1684 2887 Duae
1738 2814 1952 2890 lineae
1994 2813 2213 2888 simul
2264 2827 2490 2910 atque
2532 2814 2776 2890 duotae

687 2936 884 3013 sunt,
920 2926 1194 2999 habent
1229 2927 1424 3000 inter
1458 2951 1537 3001 se
1564 2927 1929 3001 rationem
1958 2951 2191 3016 suam,
2213 2951 2667 3024 quaecunque
2685 2951 2776 3002 ea

686 3040 806 3113 sit.
888 3042 982 3115 Et
1018 3066 1182 3139 quae
1218 3066 1439 3116 causa
1474 3041 1798 3115 efficiens
1832 3053 1988 3115 erat
2027 3040 2354 3138 ipsarum
2388 3042 2771 3131 linearum,

687 3154 944 3227 eadem
980 3167 1142 3228 erat
1188 3168 1266 3228 et
1300 3178 1520 3229 causa
1553 3155 1711 3251 ejus
1746 3179 1965 3252 quam
1999 3154 2277 3228 habent
2319 3155 2515 3228 inter
2550 3178 2625 3227 se
2660 3178 2771 3228 ra-

687 3267 933 3342 tionis.
987 3269 1225 3342 Causa
1244 3269 1569 3366 ipsarum
1589 3269 1948 3342 linearum
1970 3270 2290 3342 efficiens
2317 3278 2476 3343 erat
2497 3267 2770 3352 ductio,

687 3380 765 3454 id
800 3392 934 3470 est,
969 3395 1257 3456 motus:
1316 3406 1542 3481 quare
1593 3383 1815 3456 etiam
1850 3406 2073 3456 causa
2112 3384 2434 3456 efficiens
2467 3381 2771 3456 rationis

687 3517 910 3590 quam
953 3493 1181 3568 habet
1227 3520 1480 3570 earum
1528 3495 1763 3569 altera
1795 3495 1891 3568 ad
1942 3495 2277 3584 alteram,
2316 3508 2477 3569 erat
2529 3506 2773 3570 motus

686 3607 811 3682 ille
843 3606 1063 3696 idem,
1087 3631 1179 3681 ex
1202 3632 1348 3703 quo
1376 3620 1584 3682 motu
1612 3608 1824 3681 lineae
1858 3608 2036 3704 ipsae
2061 3621 2249 3683 ortae
2276 3621 2473 3684 sunt.
2527 3609 2765 3683 Etiam

685 3722 878 3795 ratio
910 3720 1038 3794 illa
1080 3720 1336 3795 eadem
1386 3733 1546 3795 erat
1598 3720 1675 3795 in
1709 3722 2030 3795 motibus
2075 3721 2274 3819 ipsiS,
2314 3723 2580 3819 quibus
2624 3722 2770 3797 illae

682 3835 897 3909 lineae
931 3844 1143 3908 erant
1171 3833 1579 3931 descriptae.
1650 3833 2073 3909 Quaerenda
2098 3858 2278 3931 ergo
2312 3845 2422 3909 est
2458 3835 2767 3909 rationis

684 3949 997 4022 duarum
1028 3946 1388 4020 linearum
1416 3946 1889 4045 inaequalium
1923 3947 2307 4036 identitas,
2344 3949 2497 4022 sive
2533 3972 2769 4046 cequa-

685 4061 892 4151 litas,
916 4061 1067 4134 sive
1091 4058 1503 4132 similitudo
1538 4059 1737 4155 (quae
1757 4060 1901 4135 tria
1925 4061 2226 4136 nomina
2250 4062 2327 4135 in
2356 4061 2767 4136 rationibus

682 4175 879 4249 idem
914 4173 1357 4270 significant)
1389 4173 1466 4245 in
1501 4185 1835 4248 motuum
1870 4173 2341 4272 inaequalium
2380 4173 2620 4271 aliqua
2667 4174 2767 4246 si-

682 4288 1116 4376 militudine,
1147 4286 1225 4361 id
1258 4298 1394 4375 est,
1430 4287 1508 4361 in
1542 4287 2021 4384 responsione
2070 4289 2302 4385 partis
2342 4287 2439 4362 ad
2476 4298 2765 4384 partem

679 4404 796 4476 vel
828 4402 1191 4499 portionis
1227 4401 1322 4474 ad
1356 4402 1809 4499 portionem:
1847 4401 1997 4475 sive
2033 4402 2178 4478 illae
2211 4414 2462 4499 partes
2487 4401 2760 4499 aliquo·
