3094 5125
1025 515 1697 570 GEOMETRARUM.
2262 501 2408 565 453

425 682 488 757 A
525 694 802 782 puncto
839 685 907 758 R
940 684 1255 758 ducatur
1291 694 1495 758 recta
1519 684 1653 773 Ra,
1682 706 1936 757 secans
1971 682 2107 756 AD
2144 682 2220 755 in
2242 692 2311 770 β,
2336 693 2412 756 et
2475 704 2792 747 caman.

324 797 450 872 Bc
483 798 562 871 in
598 833 665 897 γ.
740 799 1046 872 secetur
1083 797 1194 896 137
1226 796 1587 870 trifariam
1620 797 1698 870 in
1731 796 1772 867 3
1805 807 1879 870 et
1907 824 1975 868 r:
2017 796 2411 870 ducantur·
2488 777 2777 877 m

321 934 467 1007 que
502 923 726 985 rectae
760 911 889 1002 RS,
926 922 1001 984 et
1036 911 1130 984 Re
1166 922 1499 984 secantes
1534 933 1788 983 arcum
1817 909 1921 982 Ba
1954 909 2033 982 in
2068 943 2104 990 η
2139 922 2217 981 et
2249 915 2308 998 ζ,
2337 920 2413 984 et
2494 898 2659 956 Qun·

322 1025 437 1111 Αβ
470 1025 549 1098 in
578 1028 616 1097 θ
652 1037 730 1098 et
762 1028 832 1098 λ.

327 1206 337 1213 .
424 1138 612 1212 Dico
647 1162 900 1212 arcum
937 1138 1040 1211 Ba
1075 1136 1391 1210 divisum
1443 1158 1603 1208 esse
1654 1134 2015 1208 trifariam
2050 1158 2095 1207 a
2129 1135 2415 1208 duabus

322 1253 547 1325 rectis
583 1251 714 1337 Rn,
751 1251 878 1334 Rz.

428 1366 623 1439 Nam
655 1378 961 1462 propter
996 1363 1378 1460 parallelas
1417 1365 1553 1464 By,
1585 1365 1723 1455 Αβ,
1771 1363 2005 1436 divisa
2039 1373 2152 1436 est
2187 1361 2413 1436 etiam

326 1480 440 1563 Αβ
474 1479 829 1553 trifariam
862 1478 939 1551 in
974 1511 1010 1558 η
1047 1489 1124 1550 et
1156 1480 1201 1548 λ
1238 1478 1329 1550 ab
1367 1478 1627 1551 iisdem
1662 1478 1887 1550 rectis
1922 1475 2050 1567 RB,
2074 1476 2192 1549 Rae-
2279 1477 2415 1549 Est

327 1605 577 1665 autem
627 1593 741 1678 Αβ
793 1591 890 1665 ad
940 1601 1176 1664 totam
1230 1591 1368 1664 AD
1415 1603 1503 1664 ut
1553 1615 1769 1665 arcus
1805 1590 2235 1688 quadrantis
2287 1589 2418 1663 de-

328 1705 585 1802 scripti
619 1703 1001 1777 intervallo
1036 1703 1170 1792 Αβ,
1226 1704 1323 1777 ad
1357 1727 1610 1777 arcum
1646 1715 1890 1778 totum
1927 1703 2058 1777 BD
2097 1703 2417 1799 descrip-

330 1832 489 1892 tum
525 1817 911 1891 intervallo
949 1815 1109 1889 AD.

434 1932 682 2005 Etiam
726 1954 941 2004 arcus
977 1928 1408 2025 quadrantis
1464 1929 1818 2027 descripti
1852 1955 1898 2004 a
1932 1930 2157 2003 tertia
2205 1940 2416 2026 parte

332 2068 544 2119 arcus
580 2045 692 2132 Αβ
721 2044 862 2117 erit
897 2044 1119 2116 tertia
1150 2066 1319 2139 pars
1357 2042 1484 2115 Ba.

432 2158 671 2231 Arcus
723 2155 1149 2253 quadrantis
1206 2154 1554 2251 descripti
1609 2156 1703 2228 ab
1739 2157 1848 2228 Ao
1893 2156 2150 2247 εἰιθμς
2205 2179 2418 2229 arcus

333 2281 581 2344 autem
618 2268 1047 2366 quadrantis
1085 2267 1434 2365 descripti
1469 2269 1562 2341 ab
1600 2269 1710 2356 Αβ
1747 2269 1841 2342 sit
1873 2280 1977 2356 βν.

435 2385 607 2459 Non
666 2383 1018 2456 differunt
1073 2406 1248 2478 ergo
1284 2406 1499 2455 arcus
1552 2381 1699 2455 duo
1727 2392 1813 2466 βν
1846 2393 1923 2455 et
1958 2382 2059 2455 Ba
2097 2384 2288 2456 inter
2343 2407 2422 2456 se

333 2497 820 2596 longitudine,
893 2496 1025 2590 sed
1093 2496 1487 2570 curvedine
1549 2507 1865 2588 tantum,
1923 2520 2089 2570 cum
2151 2497 2248 2570 sit
2318 2497 2421 2571 Ba

336 2613 604 2700 mium,
638 2620 733 2709 βγ
788 2610 1020 2706 magis
1082 2633 1329 2683 curva.
1435 2608 1641 2683 Idem
1702 2610 2096 2684 dicendum
2154 2621 2264 2685 est
2328 2611 2424 2686 de

339 2747 516 2797 arcu
552 2729 658 2816 θμ,
695 2734 768 2796 et
803 2723 1090 2796 caeteris
1128 2724 1466 2796 omnibus
1501 2724 1818 2797 arcubus
1859 2723 2244 2821 descriptis
2303 2750 2424 2799 su-

338 2862 473 2935 per
508 2840 616 2926 θλ,
639 2841 753 2925 λβ,
790 2846 865 2909 et
903 2837 1188 2909 caeteris
1221 2838 1535 2910 arcubus
1591 2838 1715 2933 qui
1760 2838 2001 2911 adhuc
2056 2838 2425 2913 describe-

340 2965 599 3025 rentur
634 2973 853 3047 super
887 2951 1147 3023 harum
1169 2949 1574 3045 aequalibus
1594 2952 1953 3046 partibuS,
1983 2955 2425 3049 comparatis

340 3091 511 3140 cum
537 3065 868 3162 partibus
895 3063 1250 3136 similibus
1278 3064 1388 3136 cir
1432 3062 1891 3138 umferentiae
1923 3065 2050 3139 Ba.

444 3178 786 3273 Intellige
818 3178 976 3272 jam
1009 3187 1284 3272 puncta
1319 3087 1464 3364 afft
1496 3185 1542 3261 β
1576 3175 1878 3249 admota
1911 3200 2070 3250 esse
2105 3178 2182 3251 in
2217 3178 2428 3252 lineis

340 3293 476 3368 AB
513 3305 588 3366 et
619 3302 704 3379 βα
739 3289 835 3364 ad
867 3300 913 3376 β
948 3302 1024 3363 et
1058 3324 1121 3379 a,
1158 3300 1233 3362 et
1269 3313 1359 3385 pr
1407 3288 1581 3362 inde
1633 3312 1886 3363 arcum
1919 3298 2005 3375 βν
2050 3293 2296 3388 jacere
2349 3292 2429 3364 in

343 3407 475 3481 Ba.
578 3406 1036 3500 Congrueret
1072 3425 1250 3498 ergo
1286 3426 1454 3475 cum
1491 3426 1671 3475 arcu
1723 3403 1885 3499 ipso
1939 3404 2064 3494 Ba,
2101 3407 2162 3478 si
2207 3404 2430 3479 modo

345 3520 592 3594 omnia
624 3530 904 3615 puncta
938 3519 997 3604 θ,
1022 3519 1092 3605 λ,
1121 3529 1198 3588 et
1225 3540 1481 3589 omnes
1513 3528 1763 3613 partes
1795 3518 2054 3594 harum
2091 3520 2432 3617 aequaleS,

344 3633 716 3706 ferrentur
767 3630 983 3703 simul
1028 3630 1106 3702 in
1157 3629 1306 3703 suis
1341 3653 1648 3727 quaeque
1702 3632 1914 3705 lineis
1949 3633 2190 3706 ductis
2235 3633 2328 3706 ab
2366 3634 2436 3705 R

349 3745 585 3820 donec
643 3743 1116 3840 pervenirent
1169 3742 1265 3816 ad
1318 3767 1572 3816 arcum
1628 3743 1756 3816 Ba.
1862 3746 2179 3819 Necesse
2235 3746 2435 3819 enim

346 3871 570 3945 esset,
604 3859 666 3931 si
692 3863 804 3942 Αβ
839 3868 916 3930 et
955 3858 1051 3929 Ba
1090 3857 1324 3931 divisa
1350 3867 1594 3931 essent
1630 3858 1707 3931 in
1742 3871 1990 3955 partes
2016 3859 2331 3955 aequales
2358 3861 2437 3933 in

349 3984 532 4069 quot
574 3971 921 4068 possibile
955 3983 1075 4044 est
1124 3995 1246 4045 eas
1284 3970 1537 4060 dividi,
1573 3982 1657 4045 ut
1701 3973 2006 4069 singulae
2058 3972 2439 4046 abscinde-

354 4097 522 4159 rent
553 4098 843 4181 partem
878 4108 1092 4157 arcus
1129 4085 1230 4158 Ba
1263 4085 1616 4182 aequalem
1653 4086 2041 4181 quadranti
2096 4110 2315 4183 super
2361 4110 2439 4160 se

350 4198 750 4294 descripto.
832 4197 1082 4271 Quare
1119 4197 1341 4271 etiam
1368 4212 1572 4271 recta
1613 4199 1722 4270 Ro
1755 4199 2116 4273 abscindit
2148 4201 2242 4272 ab
2266 4224 2443 4274 arcu

359 4313 458 4384 Ba
510 4312 801 4385 tertiam
862 4323 1146 4406 partem
1207 4335 1421 4385 arcus
1480 4312 1603 4399 Bu,
1654 4337 1915 4410 nempe
1979 4313 2118 4398 Βη;
2174 4326 2247 4387 et
2306 4316 2445 4405 Iu,

359 4428 542 4501 duas
578 4424 833 4498 tertias
870 4424 1220 4520 ejusdem.
