3094 5125
1133 521 1238 572 DE
1280 521 1621 575 NATURA
1659 522 1934 575 AssR1s.
2421 505 2567 585 279

580 686 678 759 A.
736 686 884 760 Sed
917 686 1168 761 dixisti
1202 689 1423 763 modo
1459 689 1708 785 ignem
1756 712 1913 762 esse
1959 689 2196 785 ignita
2228 712 2564 785 corpora.

482 799 738 895 Itaque
772 824 905 896 per
941 800 1189 897 ignem
1222 801 1573 898 intelligis
1608 826 1927 898 corpora
1978 826 2144 897 quae
2205 801 2282 874 in
2338 802 2566 899 lign0,

478 912 593 985 vel
626 911 771 986 alia
795 915 1129 1004 materia,
1154 915 1644 989 candescente
1665 928 1743 987 et
1763 915 2237 988 calefaciente
2266 915 2567 989 candes-

479 1036 660 1098 cunt
710 1036 784 1099 et
835 1027 1323 1101 calefaciunt:
1377 1027 1484 1100 ita
1522 1038 1608 1101 ut
1667 1027 1857 1123 ignis
1906 1051 2052 1100 non
2106 1028 2202 1101 sit
2241 1028 2387 1100 nisi
2440 1028 2568 1124 qui

479 1162 745 1236 corpus
779 1139 875 1213 sit
908 1140 1084 1213 etin
1120 1141 1290 1237 igne
1325 1140 1496 1229 alio,
1534 1140 1659 1235 qui
1693 1163 1945 1213 rursus
1974 1140 2070 1213 sit
2104 1140 2181 1213 in
2216 1141 2385 1236 igne
2421 1152 2566 1214 ter·

477 1252 605 1341 tio,
643 1264 716 1327 et
751 1254 959 1326 sicin
988 1255 1377 1327 infinitum.
1452 1255 1547 1327 Et
1581 1266 1996 1351 propterea,
2022 1254 2271 1350 ignem
2298 1272 2567 1351 corpus

479 1384 636 1439 esse
691 1391 736 1439 a
789 1391 1095 1464 corpore
1151 1369 1388 1464 ignito
1452 1367 1847 1455 diversum,
1901 1366 2105 1441 dictu
2166 1368 2567 1441 absurdum

478 1492 614 1554 est.
716 1482 908 1555 Dum
948 1485 1338 1579 quaerimus
1373 1506 1552 1578 ergo
1589 1481 1767 1578 quid
1801 1481 1896 1554 sit
1930 1480 2144 1577 ignis,
2180 1505 2332 1554 non
2366 1479 2570 1554 aliud

479 1601 872 1694 quaerimus
932 1625 1151 1698 quam
1206 1624 1526 1688 causam,
1589 1622 1814 1695 quare
1883 1598 2191 1695 lignum,
2241 1597 2356 1669 vel
2425 1596 2569 1670 alia

478 1713 808 1802 materia,
844 1715 1041 1788 lucet
1076 1725 1154 1787 et
1182 1713 1562 1787 calefacit:
1601 1711 1678 1784 id
1713 1723 1846 1799 est,
1883 1734 2136 1784 causas
2172 1709 2566 1804 quaerimus

478 1826 660 1899 lucis
720 1837 793 1900 et
847 1829 1137 1916 caloris,
1195 1828 1312 1900 vel
1365 1826 1614 1922 potius
1668 1825 2026 1898 sensionis
2088 1834 2382 1912 nostrae,
2421 1846 2569 1918 qua

478 1938 716 2012 lucem
752 1952 826 2013 et
859 1942 1180 2014 calorem
1215 1939 1682 2038 percipimus

581 2053 679 2126 B.
732 2055 1008 2150 Negari
1035 2054 1178 2127 hoc
1211 2052 1543 2149 profecto
1583 2075 1731 2124 non
1758 2060 2026 2147 potest.
2099 2047 2245 2121 Sed
2270 2048 2455 2120 lucis
2490 2060 2568 2122 et

478 2165 738 2240 caloris
772 2191 1012 2241 causae
1041 2190 1231 2239 verae
1269 2189 1609 2262 quaenam
1645 2162 1867 2237 sunt?

576 2281 673 2353 A.
728 2280 882 2354 111ae
943 2282 1120 2377 ipsae
1168 2304 1349 2377 quas
1402 2279 1481 2352 in
1537 2279 1726 2351 libro
1789 2298 1897 2349 DE
1957 2296 2366 2363 CORPORE,
2403 2297 2567 2369 cap.

475 2395 697 2483 xxvii,
748 2395 840 2468 ab
900 2394 1423 2492 hypothesibus
1478 2393 1652 2481 suis,
1715 2388 2061 2464 methodo
2109 2388 2568 2461 demonstra-

478 2508 653 2598 tiva,
690 2533 839 2584 non
877 2510 1189 2584 obscure
1226 2508 1585 2583 derivavit
1622 2504 1958 2580 Hobbius
1992 2534 2010 2587 ;
2064 2526 2393 2599 quasque
2442 2501 2566 2575 hic

481 2623 686 2718 (quia
737 2623 923 2695 liber
975 2626 1210 2716 extat)
1269 2622 1630 2697 deducere
1681 2644 1831 2693 non
1883 2631 1997 2692 est
2048 2617 2564 2691 necessarium.

480 2734 805 2808 Sufficiat
841 2736 1039 2832 quod
1075 2736 1293 2810 modo
1328 2747 1404 2809 te
1440 2735 1681 2823 docui,
1740 2734 1986 2830 ignem
2045 2755 2194 2804 non
2256 2754 2412 2804 esse
2472 2730 2565 2803 ab

476 2847 712 2942 ignito
773 2872 1077 2945 corpore
1133 2849 1522 2922 diversum.
1643 2847 1842 2922 Quid
1878 2859 2125 2921 autem
2164 2845 2254 2917 de
2291 2845 2567 2941 frigore

475 2974 550 3033 et
595 2961 831 3056 glacie
892 2962 1295 3059 opinamini
1350 2962 1535 3036 vos?
1664 2962 1863 3033 Num
1917 2960 2138 3032 etiam
2198 2959 2430 3054 frigus
2490 2968 2567 3031 et

472 3073 783 3170 glaciem
820 3077 1256 3173 corpuscula
1288 3075 1566 3172 putatis
1600 3074 1866 3170 frigida
1903 3085 1976 3146 et
2009 3071 2348 3169 glacialia
2381 3095 2562 3160 esse,

472 3189 547 3262 in
584 3191 895 3263 materia
928 3190 1199 3287 frigida
1233 3204 1308 3264 et
1341 3189 1631 3286 glaciali
1662 3187 1687 3259 ?

570 3303 664 3376 Β.
720 3305 830 3377 De
886 3305 1125 3378 causis
1184 3304 1477 3400 frigoris
1532 3313 1608 3376 et
1656 3298 1919 3398 glaciei
1986 3297 2317 3371 nondum
2379 3297 2564 3369 certi

468 3417 745 3514 aliquid
790 3419 1226 3492 invenimus.
1337 3416 1559 3492 Quod
1618 3424 1867 3488 autem
1921 3435 2114 3507 aqua
2155 3411 2330 3484 dum
2387 3433 2564 3483 con-

467 3531 757 3625 gelatur
791 3533 1065 3617 rarefit,
1104 3529 1558 3628 experientia
1580 3526 1994 3601 didicimus,

568 3644 667 3716 A.
722 3645 1056 3717 Rarefit?
1186 3643 1358 3716 Non
1427 3641 1783 3736 intelligo,
1915 3635 2292 3734 Siquidem
2364 3635 2562 3707 enim

470 3754 776 3827 eandem
846 3780 1152 3830 numero
1223 3779 1489 3852 aquam
1558 3753 1910 3849 majorem
1987 3749 2187 3823 dicas
2256 3747 2559 3843 implere

467 3867 712 3940 locum
746 3870 1203 3966 congelatam
1243 3893 1464 3965 quam
1510 3891 1662 3940 non
1718 3863 2207 3960 congelatam,
2237 3861 2314 3933 id
2376 3859 2561 3932 dicis

467 3980 668 4076 quod
734 3982 978 4056 animo
1048 3983 1437 4078 concipere
1505 4002 1884 4075 nunquam
1951 3975 2247 4073 poteris.
2364 3973 2560 4044 Nam

465 4092 662 4165 idem
695 4118 1001 4167 numero
1038 4120 1304 4191 corpus
1340 4094 1650 4167 eandem
1709 4113 1997 4185 semper
2046 4088 2271 4160 habet
2325 4109 2560 4180 quan-

465 4204 775 4294 titatem,
813 4207 1184 4295 nimirum,
1214 4208 1376 4280 loco
1400 4230 1618 4302 quem
1643 4203 1920 4301 implet,
1950 4201 2084 4273 sub
2116 4220 2558 4295 quacunque

462 4319 720 4415 figura,
760 4343 1047 4416 semper
1102 4320 1482 4416 aequalem.
1589 4318 1720 4391 Sin
1776 4315 1964 4390 aeris
2019 4311 2419 4409 particulas
2478 4309 2558 4384 in

463 4457 725 4530 aquam
751 4434 943 4506 inter
966 4432 1503 4530 congelandum
1526 4430 1892 4526 ingressas
1920 4425 2135 4499 simul
2159 4448 2327 4498 cum
2340 4448 2555 4521 aqua,
