3094 5125
912 458 1174 509 MATR
1187 457 1573 510 EMATICAE
1614 459 2099 510 RODIERNAE.
2456 441 2553 508 69

384 645 590 718 quas
636 645 1037 719 superare
1089 624 1451 714 nesciunt,
1488 648 1582 698 ne
1626 648 1902 698 errasse
1949 624 2360 708 videantur,
2413 624 2553 696 fin·
2625 650 2927 691 numana

398 748 607 832 gunt
658 738 1078 834 possibilia
1123 763 1280 812 esse
1330 763 1493 835 quae
1542 763 1694 812 non
1751 753 1926 812 sunt
1978 738 2378 836 possibilia,
2435 737 2553 811 vel
2631 803 2640 817 ,
2749 732 2812 772 ¹¹·
2906 802 2917 817 ,

410 851 701 925 dicunt
742 851 1045 947 aliquid
1082 853 1277 947 quod
1316 877 1468 926 non
1517 852 1751 949 possit
1783 852 2146 948 intelligi;
2199 851 2552 947 recipitur

414 978 696 1038 tamen
736 966 840 1038 ab
878 965 997 1055 iis,
1027 967 1154 1063 qui
1190 967 1473 1039 malunt
1498 967 1656 1040 sine
1693 965 2028 1039 molestia
2053 965 2322 1039 habere
2354 965 2550 1062 quod

430 1078 736 1167 dicant,
775 1103 1008 1175 quam
1036 1103 1204 1152 cum
1236 1079 1573 1153 molestia
1607 1079 1807 1176 quod
1842 1078 2187 1152 sentiant.

546 1189 648 1263 Β.
708 1191 1086 1264 Videntur
1118 1203 1362 1264 autem
1412 1190 1824 1287 intelligere
1865 1190 2145 1287 aliquid
2178 1214 2310 1287 per
2353 1214 2554 1264 rare-

444 1305 868 1378 factionem
896 1318 974 1377 et
1008 1306 1698 1378 condensationem:
1752 1305 2029 1400 alioqui
2062 1329 2210 1378 non
2247 1305 2556 1378 insulta-

451 1430 625 1493 rent
661 1419 747 1491 in
780 1442 913 1490 eos
948 1418 1074 1515 qui
1109 1418 1433 1491 sentiunt
1467 1418 1942 1492 contrarium.

560 1531 657 1605 A.
717 1532 935 1616 Puto,
1002 1531 1145 1603 hoc
1211 1530 1581 1614 sentiunt;
1656 1532 1734 1604 in
1802 1532 2241 1606 tumescenti
2307 1532 2553 1627 aliquo

464 1667 806 1741 corpore,
875 1642 1058 1715 nihil
1118 1643 1225 1716 illi
1282 1643 1668 1716 admisceri
1730 1644 2056 1741 corporis
2117 1644 2550 1718 adventitii:

465 1773 574 1847 ut,
610 1756 827 1830 verbi
863 1780 1105 1839 causa,
1140 1755 1489 1829 bulliente
1531 1780 1722 1853 aqua
1768 1757 1949 1831 nihil
1999 1758 2387 1832 admisceri
2420 1782 2555 1855 pu-

466 1884 634 1945 tant
668 1870 888 1960 aeriS‚
916 1870 1045 1943 sed
1073 1871 1305 1967 ipsam
1333 1894 1622 1966 aquam,
1652 1871 1960 1943 eandem
1989 1873 2452 1958 existentem,
2481 1870 2558 1943 in

469 1988 709 2081 maJ'us
745 1982 1049 2057 extendi
1096 1982 1412 2080 spatium
1453 1984 1618 2058 loci.
1725 1984 1871 2057 Sed
1926 1984 2146 2080 ips08,
2203 1983 2331 2078 qui
2382 1982 2558 2056 doc-

466 2100 747 2173 trinam
785 2098 978 2171 hanc
1014 2095 1106 2169 de
1154 2096 1639 2170 rarefactione
1692 2110 1768 2171 et
1803 2096 2375 2170 condensatione
2428 2095 2559 2170 do-

470 2237 637 2286 cere
709 2211 977 2305 solent,
1068 2211 1286 2283 unico
1353 2223 1648 2283 tantum
1718 2223 2153 2307 argumento
2224 2233 2560 2284 cessuros

469 2326 693 2400 credo
720 2354 747 2398 :¹
796 2324 1166 2412 nimirum,
1227 2325 1289 2396 si
1341 2326 1468 2420 qui
1520 2325 1967 2421 stipendium
2001 2325 2356 2414 Wallisi0,
2419 2324 2562 2398 dis-

470 2451 905 2536 pensatores
973 2437 1311 2510 beneficii
1371 2438 1744 2527 Saviliani,
1800 2440 2110 2513 soluturi
2170 2451 2365 2528 sunt,
2424 2463 2560 2536 pro

474 2553 729 2627 solidis
785 2562 1261 2624 numerarent
1311 2550 1416 2625 illi
1466 2551 1777 2625 totidem
1828 2553 2306 2641 semisolidos,
2363 2552 2558 2627 dice-

474 2680 791 2764 rentque
837 2665 1111 2739 solidos
1155 2690 1310 2738 esse
1362 2666 1660 2763 frigore,
1715 2669 1835 2741 cui
1885 2668 2190 2742 fortuito
2245 2669 2560 2765 expositi

468 2782 809 2869 fuissent,
848 2780 1357 2868 condensatOS‚
1401 2805 1551 2853 nou
1596 2797 1778 2876 puto
1825 2782 2154 2855 crederet
2187 2782 2560 2856 Wallisius

477 2895 551 2968 id
585 2895 751 2967 fieri
784 2891 1162 2988 (quicquid
1205 2893 1383 2966 alias
1419 2893 1739 2966 scribere
1776 2895 2035 2987 soleat)
2078 2896 2427 2991 potuisse.

576 3006 925 3081 Secunda
992 3005 1323 3079 definitio
1383 3018 1497 3079 est
1557 3006 1994 3105 multiplici-s·
2020 3037 2049 3092 ;
2113 3011 2365 3105 proba,
2427 3034 2563 3083 nec

479 3121 820 3194 difficilis.
893 3119 1146 3192 Tertia
1171 3131 1284 3192 est
1308 3119 1633 3192 rationis
1659 3149 1685 3202 ,·
1746 3122 1921 3194 satis
1955 3122 2230 3217 inepta.
2309 3122 2562 3211 Ratio,

481 3235 748 3331 inquit,
777 3242 890 3305 est
925 3232 1244 3305 duarum
1277 3233 1867 3331 magnitudinum
1901 3235 2226 3329 ejusdem
2257 3236 2565 3334 generis

481 3358 733 3421 mutua
766 3346 1102 3444 quaedam
1136 3345 1512 3419 habitacla.

581 3462 683 3534 B.
740 3459 1084 3555 Intelligo
1120 3482 1246 3531 eos
1294 3460 1422 3555 qui
1467 3460 1866 3557 loquuntur
1922 3461 2013 3535 de
2072 3464 2381 3552 ratione,
2437 3462 2568 3536 sed

486 3577 576 3649 de
612 3574 1044 3648 habitudine
1092 3575 1474 3670 loquentes
1514 3598 1667 3646 non
1719 3575 2073 3672 intelligo.
2181 3576 2570 3650 Habitudo

487 3692 578 3763 ab
606 3688 946 3761 babendo
982 3687 1278 3760 dicitur.
1386 3687 1659 3762 Quaero
1699 3689 1948 3784 igitur,
1991 3690 2168 3786 quid
2220 3703 2337 3764 est
2372 3692 2568 3787 quod

487 3805 626 3877 hoc
663 3804 825 3876 loco
861 3800 1135 3882 haben
1187 3800 1368 3899 quid
1415 3801 1611 3897 quod
1660 3801 1976 3875 habetur
1995 3831 2025 3885 ;
2092 3815 2168 3876 et
2229 3828 2321 3877 an
2384 3805 2572 3878 ratio

490 3918 776 3990 dicatur
817 3913 1198 4001 habitudo,
1247 3915 1341 3986 ab
1391 3938 1478 3986 eo
1526 3914 1726 4010 quod
1779 3916 1939 4011 ipsa
1997 3916 2215 3989 habet
2269 3918 2571 4014 aliquid,

490 4031 603 4103 vel
637 4031 728 4103 ab
764 4054 856 4102 eo
896 4025 1096 4123 quod
1131 4025 1443 4099 babetur
1464 4055 1493 4109 ;
1556 4040 1632 4100 et
1673 4029 2033 4124 siquidem
2067 4029 2361 4118 habeat,
2399 4030 2577 4125 quid

487 4146 578 4219 sit
611 4144 812 4243 quod
848 4139 1068 4213 habet
1088 4167 1117 4222 ;
1170 4140 1281 4212 sin
1316 4139 1705 4227 habeatur,
1741 4167 1787 4215 a
1822 4167 1966 4238 quo
1988 4143 2324 4217 habetur.
2389 4142 2576 4217 Quae

483 4262 727 4334 omnia
754 4266 937 4332 sunt
972 4255 1241 4349 inepta.

568 4377 664 4450 Α.
727 4374 906 4446 Vox
947 4368 1072 4441 illa
1104 4368 1561 4444 habitudinis
1595 4395 1640 4442 a
1668 4369 1997 4444 formulis
2034 4368 2381 4464 loquendi
2417 4385 2579 4446 orta
