3094 5125
297 635 437 677 cAP.
457 635 589 677 vm.

307 706 596 741 b—-r--ae

321 763 391 808 De
411 763 587 822 angulo.

684 425 828 493 402
967 439 1076 491 ΒΕ
1114 439 1579 492 PRINCIPIIS
1620 440 1721 492 m*
1758 439 2504 493 RAT1001NAT10NE

683 616 887 680 recta
919 616 1143 680 rectae
1178 606 1275 681 ad
1308 607 1619 703 angulos
1653 619 1897 682 rectos
1932 606 2231 698 insistit,
2262 631 2413 680 non
2480 605 2816 692 dicitur,

674 721 891 815 juxta
939 742 1350 794 sermonem
1405 744 1893 805 communem,
1940 722 2239 795 omnino
2283 719 2672 793 inclinari
2740 719 2821 791 in

679 833 1032 907 utramvis
1064 845 1352 930 partem
1385 845 1607 907 rectae
1640 833 1760 906 cui
1812 833 2129 907 insistit:
2185 832 2488 930 quando
2535 844 2821 905 autem

678 947 912 1020 altera
944 947 1158 1020 alteri
1190 946 1463 1020 insistit
1496 946 1592 1020 ad
1618 946 1924 1043 angulos
1948 946 2303 1043 obliquOS,
2331 956 2529 1019 tunc
2575 944 2824 1017 incli-

678 1060 856 1132 nari
887 1059 984 1133 ad
1016 1083 1181 1133 eam
1212 1071 1498 1155 partem
1536 1059 1808 1132 dicitur
1832 1060 1960 1132 ubi
1994 1060 2308 1156 angulus
2335 1070 2447 1133 est
2479 1069 2815 1131 acutus.

675 1173 921 1268 Atque
941 1174 1083 1248 hoc
1105 1197 1322 1247 sensu
1343 1173 1887 1247 inclinationem
1910 1173 2257 1269 intelligit
2274 1173 2352 1246 in
2373 1172 2819 1246 Elemento

673 1286 1062 1360 undecimo
1086 1286 1451 1360 Euclides,
1522 1287 1779 1383 Itaque
1801 1285 2103 1359 minima
2127 1284 2525 1359 inclinatio
2556 1294 2817 1357 rectae

676 1399 802 1473 CB
834 1399 932 1472 ad
967 1399 1097 1473 cl)
1138 1411 1316 1472 tunc
1369 1408 1504 1489 est,
1541 1398 1839 1496 quando
1877 1399 2109 1473 altera
2152 1398 2248 1472 ad
2294 1398 2637 1471 alteram
2689 1407 2818 1468 est

671 1512 1333 1610 perpendicularis:
1371 1512 1689 1585 maxima
1709 1523 1981 1603 autem,
2005 1511 2299 1608 quando
2327 1510 2813 1584 admovetur

675 1625 799 1699 CB
836 1626 933 1699 ad
960 1625 1089 1699 CD
1123 1635 1330 1698 motu
1364 1625 1706 1698 circulari
1760 1624 1865 1697 ita
1897 1636 1984 1697 ut
2030 1624 2265 1698 ambae
2311 1622 2803 1697 coincidant.

673 1738 883 1812 Idem
916 1738 1140 1812 etiam
1168 1737 1312 1811 dici
1340 1750 1588 1834 potest
1616 1737 1706 1810 de
1742 1735 2218 1811 inclinatione
2251 1748 2477 1810 rectae
2506 1737 2665 1811 CD
2698 1735 2805 1809 ad

676 1851 835 1941 CA,
896 1862 972 1926 et
1024 1863 1252 1926 rectae
1309 1852 1439 1926 CA
1496 1851 1594 1924 ad
1649 1851 1795 1941 ΟΕ,
1852 1862 1931 1923 et
1985 1854 2210 1923 rectae
2269 1850 2390 1923 ΟΕ
2446 1851 2548 1924 ad
2626 1850 2794 1923 CB.

673 1965 927 2039 Motus
986 1965 1184 2038 enim
1227 1964 1602 2039 circularis
1657 1963 2049 2059 cujuslibet
2083 1988 2125 2037 e
2159 1974 2476 2060 quatuor
2531 1964 2794 2036 rectis

671 2078 769 2151 ad
792 2089 1031 2152 rectos
1058 2078 1367 2175 angulos
1396 2078 1742 2175 deinceps
1768 2077 2170 2168 collocatiS,
2199 2077 2789 2152 inclinationem

671 2203 1071 2281 mensurat,
1108 2190 1435 2288 adeoque
1473 2191 1785 2287 angulos
1820 2215 1905 2264 eo
1940 2201 2148 2264 motu
2181 2204 2578 2287 generatos
2618 2221 2640 2264 ε
2704 2201 2787 2263 et

669 2328 958 2402 semper
994 2329 1138 2401 quo
1171 2307 1405 2401 major
1440 2317 1554 2378 est
1593 2328 1763 2400 pars
1817 2304 2045 2379 totius
2099 2305 2553 2379 circuitionis
2591 2329 2782 2403 quae

670 2441 759 2493 eo
793 2431 1002 2493 motu
1051 2418 1389 2492 circulari
1423 2418 1831 2508 conficitur,
1871 2442 1959 2492 eo
1994 2420 2234 2515 major
2268 2430 2378 2492 est
2411 2420 2773 2515 angulus.

767 2533 814 2606 J
817 2556 937 2605 am
961 2531 1337 2605 inclinatio
1370 2542 1595 2605 rectae
1630 2531 1758 2605 CD
1794 2531 1889 2606 ad
1923 2556 2174 2606 arcum
2212 2532 2310 2606 CI
2349 2556 2493 2629 quo
2527 2544 2773 2629 pacto

670 2645 1081 2719 mensurari
1111 2658 1382 2743 potest,
1420 2668 1588 2717 cum
1623 2656 1869 2739 partes
1922 2670 2175 2719 omnes
2229 2669 2441 2719 arcus
2494 2647 2594 2720 CI
2648 2646 2771 2718 di-

670 2781 917 2831 versas
966 2758 1287 2832 habeant
1337 2757 1872 2843 inclinationeS,
1906 2758 2051 2831 nisi
2097 2758 2295 2854 quod
2345 2760 2423 2831 in
2471 2769 2771 2857 puncto

671 2871 891 2945 unico
948 2871 1008 2944 C
1066 2872 1443 2946 inclinatio
1501 2871 1823 2945 maxima
1869 2883 2004 2960 est,
2057 2896 2323 2968 nempe
2376 2874 2635 2969 puncti
2703 2871 2770 2945 C

675 2996 1037 3081 quatenus
1092 2987 1169 3058 in
1224 2996 1428 3059 recta
1477 2985 1609 3058 DC
1662 2985 1759 3058 ad
1810 2984 2007 3058 idem
2050 2999 2408 3082 punctum
2446 2986 2533 3075 C,
2572 3009 2765 3083 qua-

672 3109 890 3172 tenus
923 3098 999 3172 in
1035 3123 1212 3172 arcu
1246 3099 1344 3173 IC
1379 3098 1403 3171 ἒ
1508 3099 1767 3194 Itaque
1802 3098 2113 3195 angulus
2151 3100 2277 3195 qui
2322 3101 2411 3173 fit
2444 3124 2490 3173 a
2522 3122 2765 3172 curva

676 3211 772 3285 cl
809 3225 885 3285 et
919 3226 1126 3287 recta
1162 3213 1318 3303 CD,
1356 3213 1655 3286 omnino
1691 3212 1785 3285 ad
1818 3225 2175 3309 punctum
2220 3212 2460 3308 ipsum
2496 3212 2554 3285 C
2586 3212 2761 3284 nul-

674 3326 788 3398 lus
824 3337 958 3414 est,
994 3326 1137 3399 nisi
1173 3327 1483 3422 angulus
1518 3337 1903 3399 contactus
1938 3350 2088 3399 non
2122 3326 2216 3400 sit
2251 3326 2579 3422 ejusdem
2622 3350 2761 3421 ge-

674 3439 871 3512 neris
926 3440 1355 3535 quantitatis
1411 3462 1581 3512 cum
1637 3439 1907 3535 angulo
1956 3462 2173 3535 quem
2227 3440 2451 3513 efficit
2503 3437 2757 3511 radius

674 3575 808 3648 per
839 3561 1123 3625 motum
1155 3551 1585 3624 circularem
1622 3551 1717 3625 ad
1758 3552 1982 3624 alium
2026 3551 2272 3624 locum
2328 3551 2754 3625 translatuS.

677 3665 789 3738 De
824 3689 970 3762 quo
1030 3662 1262 3736 fusius
1311 3663 1598 3737 dicetur
1654 3665 1732 3736 in
1787 3664 2327 3738 examinatione
2374 3666 2590 3761 Prop.
2636 3673 2751 3738 16.

674 3780 907 3853 Elem.
944 3778 1044 3852 iii.

777 3894 1174 3967 Videamus
1211 3889 1544 3986 denique,
1573 3915 1704 3965 cur
1736 3889 1832 3964 ad
1867 3891 2467 3966 constitutionem
2502 3892 2754 3988 anguli

677 4006 1170 4081 necessarium
1195 4007 1280 4078 fit
1312 4017 1398 4077 ut
1427 4003 1592 4078 duae
1625 4003 1861 4093 lineae,
1889 4004 2127 4100 ipsum
2156 4004 2573 4094 efficienteS,
2603 4029 2754 4078 non

670 4122 970 4216 jaceant
1026 4120 1103 4193 in
1166 4118 1526 4192 directum
1558 4145 1574 4189 t
1648 4117 1857 4212 cujus
1915 4142 2206 4190 causam
2260 4118 2453 4191 hanc
2512 4118 2755 4191 reddit

682 4233 999 4321 Clavins,
1033 4232 1230 4330 quod
1281 4255 1417 4304 nec
1454 4230 1620 4304 duae
1668 4241 1915 4327 partes
1961 4231 2291 4326 ejusdem
2335 4242 2581 4317 rectae,
2617 4254 2754 4304 nec

681 4346 826 4420 duo
863 4370 1075 4419 arcus
1110 4345 1442 4443 ejusdem,
1463 4344 1742 4435 circuli,
1767 4344 2048 4418 faciunt
2083 4344 2451 4441 angulum.
2523 4345 2758 4418 Caete-
