3094 5125
278 651 414 693 CAP.
445 652 534 693 111.

251 719 537 754 fi—ss-*ae

362 792 516 824 Vflcuo.

273 777 341 822 Do

619 445 764 512 320
1166 458 1728 513 PRoBLnMA‘rA
1766 457 2154 510 PHYSICA.

617 637 880 713 tectuS,
918 647 1137 719 quern
1182 638 1552 699 suctorem
1611 625 1891 714 dicunt,
1932 624 2059 697 ‘ita
2111 620 2471 718 exquisite
2528 645 2707 694 con-

618 762 914 836 gruenS,
951 749 1038 810 ut
1072 762 1165 812 ne
1200 739 1547 812 minimus
1584 737 1884 835 quidem
1917 762 2044 811 aer
2081 737 2276 809 inter
2309 734 2591 808 corium
2628 746 2705 808 et

620 876 718 926 aes
753 852 1032 925 intrare
1074 852 1188 946 (ut
1226 854 1525 949 putant)
1567 852 1824 949 possit.

725 964 821 1038 B.
879 966 1069 1039 Scio,
1154 967 1252 1039 Et
1285 990 1430 1063 quo
1469 978 1719 1039 suctor
1768 962 2057 1036 facilius
2112 961 2391 1034 intrudi
2449 961 2701 1058 possit,

620 1077 953 1150 foramen
987 1079 1355 1175 quoddam
1391 1091 1503 1153 est
1549 1079 1625 1151 in
1679 1076 2052 1173 superiore
2106 1086 2315 1172 parte
2368 1075 2701 1171 cylindri,

621 1214 754 1287 per
789 1191 986 1287 quod
1029 1216 1155 1265 aer
1195 1193 1353 1290 (qui
1408 1192 1718 1267 suctoris
1779 1192 2189 1286 ingressum
2239 1188 2514 1285 alioqui
2566 1189 2703 1262 im-

621 1303 874 1399 pedire
926 1306 1203 1401 posset)
1263 1306 1664 1379 emittatur.
1775 1302 1997 1377 Quod
2037 1301 2372 1375 foramen
2416 1303 2701 1399 aperire

622 1428 927 1511 possunt
979 1428 1054 1490 et
1121 1417 1459 1491 claudere
1528 1417 1817 1513 quoties
1886 1438 2060 1488 usus
2126 1416 2470 1510 postulat.
2570 1417 2705 1489 Est

623 1529 843 1601 etiam
878 1530 956 1602 in
989 1531 1301 1627 cylindri
1338 1531 1498 1619 cavi
1533 1554 1824 1603 recessu
1868 1553 2152 1602 summo
2207 1528 2424 1601 datus
2458 1528 2702 1603 aditus

623 1642 776 1715 aeri
815 1643 893 1716 in
940 1644 1242 1740 globum
1296 1668 1722 1732 concavum,
1778 1643 2136 1716 vitreum:
2202 1666 2420 1737 quem
2482 1643 2705 1716 etiam

623 1754 905 1829 aditum
927 1757 1279 1831 clavicula
1300 1758 1647 1831 obturare
1675 1767 1749 1829 et
1777 1756 2059 1851 aperire
2082 1769 2394 1851 possunt
2418 1756 2704 1852 quoties

622 1869 902 1944 volunt.
966 1870 1297 1968 Denique
1324 1872 1397 1944 in
1425 1871 1647 1967 globo
1676 1870 1912 1942 vitreo
1939 1892 2224 1940 summo
2262 1867 2705 1965 relinquitur

621 1981 951 2055 foramen
987 1984 1162 2057 satis
1197 1984 1544 2081 amplum,
1578 1981 1971 2074 (clavicula
2003 1980 2179 2053 item
2216 1980 2705 2056 claudendum

623 2107 699 2167 et
732 2094 1316 2190 recludendum),
1350 2108 1437 2169 ut
1471 2097 1549 2168 in
1583 2096 1788 2169 illum
1818 2118 1984 2191 quae
2008 2094 2268 2167 volunt
2303 2094 2704 2170 immittere

621 2208 906 2303 possint
939 2209 1360 2305 experiendi
1397 2233 1639 2282 causa.
1753 2209 1944 2282 Tota
2003 2206 2317 2303 denique
2364 2208 2707 2282 machina

622 2344 774 2394 non
829 2322 1137 2395 multum
1201 2322 1470 2411 differt,
1532 2322 1596 2394 si
1661 2332 2003 2395 naturam
2063 2321 2219 2415 ejus
2288 2332 2596 2417 specteS‚
2661 2345 2707 2394 a

625 2434 953 2530 sclopeto
991 2457 1079 2506 ex
1135 2435 1482 2507 sambuco
1530 2458 1678 2530 quo
1728 2433 1938 2531 pueri
1986 2457 2064 2506 se
2113 2433 2484 2507 delectant
2537 2435 2704 2508 imi-

623 2557 866 2620 tantes
913 2546 1277 2644 sclopetos
1330 2546 1665 2636 militum,
1717 2546 1861 2621 nisi
1911 2546 2106 2644 quod
2170 2548 2403 2643 major
2452 2547 2571 2637 sit,
2629 2559 2707 2622 et

624 2660 900 2753 majore
934 2671 1093 2733 arte
1125 2659 1547 2750 fabricatuS,
1579 2671 1655 2734 et
1679 2660 1909 2756 pluris
1946 2671 2255 2733 constet.
2319 2661 2706 2734 Suctorem

624 2786 871 2845 autem
906 2772 1296 2847 intrudunt
1330 2785 1405 2847 et
1440 2773 1803 2847 revellunt
1844 2773 2048 2870 (quia
2081 2774 2154 2846 vi
2203 2798 2474 2868 magna
2521 2798 2707 2870 opus

624 2887 767 2978 est)
802 2909 949 2958 non
979 2886 1316 2959 manibus
1337 2910 1648 2983 semper,
1673 2886 1804 2960 sed
1830 2888 2092 2983 saepius
2120 2888 2418 2960 cochlea
2440 2886 2703 2961 ferrea.

626 2998 774 3071 Sed
822 2998 1001 3093 quid
1046 2998 1247 3072 vides
1301 3011 1384 3072 tu
1435 2999 1511 3071 in
1568 3010 1775 3072 tanto
1822 3011 2181 3095 apparatu
2242 3012 2318 3073 et
2369 3000 2705 3091 artificio,

627 3112 823 3209 quod
859 3113 1124 3208 probet
1159 3111 1317 3185 dari
1353 3137 1661 3186 vacuum
1696 3111 1720 3184 ἓ

727 3226 823 3300 Α.
880 3226 1133 3317 Video,
1159 3226 1232 3298 ⁴si
1279 3237 1530 3299 suctor
1565 3225 1906 3300 trudatur
1955 3250 2188 3324 usque
2248 3227 2345 3300 ad
2396 3228 2708 3302 fundum

626 3338 935 3435 cylindri
968 3338 1177 3426 aenei,
1206 3339 1785 3434 obturenturque
1810 3338 2196 3428 foramina,
2226 3354 2709 3437 sequutumm

626 3475 808 3540 esse,
879 3450 1052 3522 dum
1121 3461 1367 3524 suctor
1435 3451 1857 3542 retrahitur,
1917 3453 2162 3525 locum
2229 3453 2309 3526 in
2377 3455 2709 3551 cylindro

628 3589 807 3638 cavo
866 3563 1203 3636 relictum
1257 3564 1414 3637 fore
1475 3588 1811 3637 vacuum.
1916 3564 2133 3656 Nam,
2189 3578 2275 3639 ut
2329 3568 2407 3641 in
2464 3569 2710 3642 locum

629 3680 784 3774 ejus
820 3675 1165 3750 succedat
1200 3700 1347 3766 aer,
1385 3688 1498 3749 est
1531 3677 2000 3774 impossibile.

731 3790 829 3864 Β.
884 3788 1122 3862 Credo
1174 3790 1512 3886 equidem
1552 3803 1920 3864 suctorem
1970 3815 2139 3863 cum
2188 3791 2501 3888 cylindri
2550 3794 2714 3867 cavi

628 3903 1010 4000 superficie
1074 3903 1252 3975 satis
1320 3913 1524 3976 arcte
1581 3904 1949 3978 cohaerere
2017 3904 2114 3978 ad
2176 3905 2713 3979 excludendum

629 4030 956 4090 stramen
984 4027 1059 4089 et
1080 4017 1425 4113 plumam,
1447 4041 1598 4090 non
1622 4029 1868 4091 autem
1895 4042 2136 4091 aerem
2159 4043 2396 4115 neque
2423 4045 2711 4116 aquam.

631 4130 896 4226 Cogita
951 4129 1146 4202 enim
1202 4128 1400 4225 quod
1448 4154 1594 4202 non
1649 4130 1755 4203 ita
1802 4142 2143 4203 accurate
2193 4145 2713 4227 congruerent,

632 4244 810 4338 quin
854 4242 1340 4339 undequaque
1383 4244 1862 4318 interstitium
1909 4245 2448 4342 relinqueretur
2482 4271 2715 4343 quan-

630 4368 788 4429 tum
822 4356 1231 4430 tenuissimi
1273 4357 1516 4454 capilli
1554 4383 1785 4456 capax
1821 4371 2031 4434 esset.
2140 4361 2488 4435 Retracto
2532 4386 2712 4458 ergo
