3094 5125
858 511 1485 565 MATHEMATICAE
1527 513 2015 565 HoDIERNAE.
2317 498 2453 562 231

495 676 590 750 B.
645 676 816 750 Non
850 677 1172 751 memini.

492 792 586 864 A.
642 792 791 864 Cur
826 816 1001 888 ergo
1025 793 1369 888 injuriam
1404 793 1947 865 nominaremus
1972 816 2129 880 nOS,
2159 791 2235 863 id
2271 791 2465 886 quod

397 905 872 980 constitueret
910 907 1224 979 Senatus
1254 906 1718 1003 Populusque
1746 904 2247 1002 Anglicanus?

492 1016 581 1090 B.
637 1019 809 1092 Non
878 1020 1285 1093 faceremus
1316 1049 1332 1091 :
1391 1021 1520 1093 sed
1591 1020 1790 1117 quod
1851 1043 2038 1092 unus
2093 1019 2312 1092 homo
2348 1019 2464 1090 ve}

394 1157 558 1228 pars
591 1134 837 1230 aliqua
880 1135 1132 1231 populi
1181 1136 1500 1231 juberet,
1564 1159 1714 1208 non
1772 1133 2272 1207 dubitaremus
2334 1132 2465 1204 ali-

395 1248 684 1342 quando
720 1248 1072 1342 injustum
1104 1248 1371 1322 dicere.

487 1361 584 1432 A.
642 1360 843 1434 Quid
877 1375 1124 1433 autem
1160 1362 1510 1458 intelligis
1543 1386 1675 1457 per
1712 1362 2060 1456 injustum
2084 1366 2128 1434 Β

489 1473 585 1544 Β.
644 1472 731 1545 Id
761 1473 960 1569 quod
992 1472 1272 1546 factum
1300 1486 1412 1546 est
1448 1487 1708 1547 contra
1741 1474 1964 1570 leges.

493 1585 594 1657 A.
646 1585 847 1660 Quid
880 1600 1052 1658 sunt
1077 1586 1276 1683 leges
1306 1585 1330 1657 ?

489 1698 586 1771 B.
637 1698 853 1771 Jussa
887 1699 1227 1786 civitatiS,
1260 1698 1339 1770 id
1374 1710 1508 1784 est,
1536 1700 1739 1793 jussa
1773 1700 1995 1771 curiae
2029 1699 2180 1771 sive
2232 1709 2468 1771 coetus

392 1810 605 1900 illius,
642 1813 767 1907 qui
801 1835 847 1884 a
879 1813 1157 1886 civibus
1191 1812 1512 1907 eligitur,
1541 1824 1626 1883 ut
1675 1824 1910 1884 totam
1946 1812 2318 1884 civitatem
2352 1835 2468 1884 re-

392 1937 815 2019 praesentet.
870 1925 1040 1998 Non
1063 1925 1259 1997 enim
1292 1948 1463 2020 pars
1490 1925 1876 1996 millesima
1911 1924 2181 1996 civium
2202 1925 2468 1998 Roma-

394 2062 655 2110 norum
689 2050 1090 2133 potuerunt
1122 2040 1200 2111 in
1228 2039 1496 2110 Forum
1521 2038 1935 2111 convenire.

492 2153 590 2225 A.
645 2153 815 2226 Non
868 2177 1044 2249 ergo
1099 2153 1222 2226 ille
1284 2176 1472 2225 unus
1518 2154 1765 2243 homo,
1814 2166 1942 2225 aut
2001 2176 2171 2248 pars
2213 2152 2467 2248 populi

396 2265 711 2339 habebat
736 2266 1122 2362 imperium
1157 2290 1545 2359 summum.

496 2379 589 2451 B.
644 2380 972 2453 Minime.

497 2493 593 2568 A.
649 2493 999 2567 Nondum
1034 2517 1211 2591 ergo
1246 2492 1656 2584 ostendisti,
1691 2494 2045 2588 injustum
2073 2517 2229 2567 esse
2264 2493 2470 2568 habi-

395 2621 554 2679 tum
590 2607 786 2702 quod
810 2607 1088 2680 factum
1122 2620 1235 2681 est
1262 2633 1307 2681 a
1341 2632 1627 2682 summo
1666 2608 2099 2703 imperante,
2127 2607 2258 2680 sed
2305 2619 2466 2680 tan-

396 2733 556 2794 tum
611 2722 1046 2795 sententiam
1094 2733 1296 2794 tuam
1354 2721 1445 2794 de
1504 2721 1741 2794 forma
1791 2722 2165 2818 regiminis
2206 2723 2469 2794 summi

398 2834 897 2923 subindicasti,
931 2835 1021 2907 de
1049 2859 1193 2930 qua
1213 2836 1536 2908 hocloco
1560 2836 1933 2931 disputare
1957 2837 2150 2908 nolo.
2210 2836 2468 2909 Dicam

397 2958 710 3035 tantum,
743 2947 939 3042 quod
975 2959 1084 3021 est
1106 2948 1590 3036 verissimum,
1618 2949 1677 3020 si
1701 2949 1973 3044 singuli
2000 2949 2196 3022 cives
2223 2973 2472 3044 repre-

399 3061 669 3134 sentari
706 3085 782 3134 se
809 3061 1164 3157 jusserint
1211 3061 1304 3133 ab
1338 3084 1488 3133 uno
1544 3062 1869 3146 homine,
1904 3074 1981 3135 et
2026 3086 2160 3157 per
2216 3086 2472 3134 conse-

401 3199 652 3270 quem,
688 3175 881 3248 illius
917 3186 1109 3247 esset
1142 3175 1530 3269 imperium
1566 3199 1954 3264 summum,
1987 3175 2066 3247 id
2120 3174 2316 3271 quod
2352 3174 2474 3247 ille

391 3287 694 3383 jusserit
727 3311 877 3360 non
913 3287 1151 3359 minus
1185 3310 1318 3382 pro
1346 3287 1549 3381 justo
1583 3287 2002 3360 habendum
2038 3311 2218 3371 esse,
2255 3311 2474 3382 quam

400 3401 461 3474 si
493 3401 689 3473 idem
717 3401 1050 3495 jussisset
1087 3411 1380 3472 senatus
1408 3411 1483 3472 et
1515 3400 1745 3495 plebS,
1781 3399 2090 3473 eandem
2125 3399 2476 3472 habentes

399 3513 946 3586 authoritatem.
1027 3512 1230 3586 Nihil
1267 3536 1443 3609 ergo
1472 3512 1542 3584 in
1574 3512 1878 3608 politica
1910 3513 2240 3610 peccavit
2275 3525 2475 3586 certe

399 3627 774 3700 hactenus.

510 3739 593 3812 B.
648 3740 849 3813 Nihil
883 3740 1238 3836 profecto.
1345 3739 1491 3812 Sed
1524 3741 1838 3837 parturit
1879 3742 2034 3836 jam
2070 3740 2362 3835 Anglia,
2399 3752 2477 3811 et

402 3852 543 3925 hoc
594 3854 751 3949 ipso
788 3854 906 3927 die
941 3867 1277 3949 speratur
1329 3855 1707 3928 nascitura
1762 3855 1912 3928 Pax
1964 3868 2039 3928 et
2074 3854 2470 3950 Imperium

402 3965 736 4037 firmum:
792 3966 1014 4061 quod,
1045 3967 1184 4040 nisi
1220 3966 1549 4041 lustitia.»
1583 3968 1852 4058 Libra,
1897 3968 2220 4041 Gladius
2246 3964 2472 4053 Belli,

404 4089 480 4147 et
529 4077 766 4174 Virga
825 4079 1105 4151 Scholoe
1160 4081 1238 4153 in
1285 4081 1541 4154 eadem
1580 4083 1726 4155 sint
1771 4106 2017 4172 manu,
2047 4082 2476 4154 diuturnum

405 4213 560 4261 esse
596 4190 716 4261 vix
751 4203 1015 4285 potest.

507 4303 601 4373 A.
656 4302 905 4375 Finem
943 4329 1119 4400 ergo
1156 4307 1610 4379 sermonibus
1670 4308 1939 4383 nostris
1997 4307 2298 4379 tandem
2350 4308 2475 4379 im·

404 4426 787 4510 ponenteS,
818 4417 876 4487 si
924 4416 1189 4510 placet,
1228 4442 1638 4515 surgamus,
1675 4435 1752 4493 et
1795 4443 2181 4516 precemur
2218 4421 2477 4508 Deum,

2532 707 2836 748 DIALOGUS

2650 789 2730 828 vl.
