<?xml version="1.0" encoding="UTF-8"?>
<!DOCTYPE html PUBLIC "-//W3C//DTD XHTML 1.0 Transitional//EN"
    "http://www.w3.org/TR/xhtml1/DTD/xhtml1-transitional.dtd">
<html xmlns="http://www.w3.org/1999/xhtml" xml:lang="en" lang="en">
 <head>
  <title>
</title>
<meta http-equiv="Content-Type" content="text/html;charset=utf-8" />
  <meta name='ocr-system' content='tesseract 3.04.00' />
  <meta name='ocr-capabilities' content='ocr_page ocr_carea ocr_par ocr_line ocrx_word'/>
</head>
<body>
  <div class='ocr_page' id='page_1' title='image "./thomhobbesmalme02molegoog_0145.png"; bbox 0 0 3094 5125; ppageno 0'>
   <div class='ocr_carea' id='block_1_1' title="bbox 748 491 2367 557">
    <p class='ocr_par' dir='ltr' id='par_1_1' title="bbox 748 491 2367 557">
     <span class='ocr_line' id='line_1_1' title="bbox 748 491 2367 557; baseline 0.001 -2"><span class='ocrx_word' id='word_1_1' title='bbox 748 503 1383 555; x_wconf 72' lang='lat' dir='ltr'>MATHEMA&#39;rrcAE</span> <span class='ocrx_word' id='word_1_2' title='bbox 1427 503 1915 557; x_wconf 74' lang='lat' dir='ltr'>RODIERNAE.</span> <span class='ocrx_word' id='word_1_3' title='bbox 2228 491 2367 556; x_wconf 87' lang='grc'>133</span> 
     </span>
    </p>
   </div>
   <div class='ocr_carea' id='block_1_2' title="bbox 265 668 2752 762">
    <p class='ocr_par' dir='ltr' id='par_1_2' title="bbox 265 668 2752 762">
     <span class='ocr_line' id='line_1_2' title="bbox 265 668 2752 762; baseline -0.002 -19"><span class='ocrx_word' id='word_1_4' title='bbox 265 672 346 743; x_wconf 81' lang='lat' dir='ltr'>in</span> <span class='ocrx_word' id='word_1_5' title='bbox 394 705 440 741; x_wconf 80' lang='lat' dir='ltr'>a</span> <span class='ocrx_word' id='word_1_6' title='bbox 496 670 594 745; x_wconf 82' lang='lat' dir='ltr'>ad</span> <span class='ocrx_word' id='word_1_7' title='bbox 654 672 716 745; x_wconf 93' lang='lat' dir='ltr'>B</span> <span class='ocrx_word' id='word_1_8' title='bbox 764 671 842 744; x_wconf 80' lang='lat' dir='ltr'>in</span> <span class='ocrx_word' id='word_1_9' title='bbox 899 680 998 756; x_wconf 88' lang='grc' dir='ltr'>β,·</span> <span class='ocrx_word' id='word_1_10' title='bbox 1068 670 1224 742; x_wconf 69' lang='lat' dir='ltr'>sive</span> <span class='ocrx_word' id='word_1_11' title='bbox 1281 670 1506 743; x_wconf 82' lang='lat' dir='ltr'>etiam</span> <span class='ocrx_word' id='word_1_12' title='bbox 1567 668 1873 762; x_wconf 50' lang='lat' dir='ltr'>ratio}</span> <span class='ocrx_word' id='word_1_13' title='bbox 1911 670 2229 744; x_wconf 82' lang='lat' dir='ltr'>ducatur</span> <span class='ocrx_word' id='word_1_14' title='bbox 2290 671 2365 743; x_wconf 81' lang='lat' dir='ltr'>in</span> <span class='ocrx_word' id='word_1_15' title='bbox 2450 697 2752 738; x_wconf 69' lang='lat' dir='ltr'>nutoous</span> 
     </span>
    </p>
   </div>
   <div class='ocr_carea' id='block_1_3' title="bbox 261 779 2731 909">
    <p class='ocr_par' dir='ltr' id='par_1_3' title="bbox 261 779 2731 909">
     <span class='ocr_line' id='line_1_3' title="bbox 261 779 2731 909; baseline 0.001 -41"><span class='ocrx_word' id='word_1_16' title='bbox 261 796 625 868; x_wconf 83' lang='lat' dir='ltr'>rationem</span> <span class='ocrx_word' id='word_1_17' title='bbox 666 789 772 909; x_wconf 52' lang='grc' dir='ltr'>ᾗ,</span> <span class='ocrx_word' id='word_1_18' title='bbox 807 805 888 869; x_wconf 84' lang='lat' dir='ltr'>ut</span> <span class='ocrx_word' id='word_1_19' title='bbox 925 796 1329 894; x_wconf 79' lang='lat' dir='ltr'>proveniat</span> <span class='ocrx_word' id='word_1_20' title='bbox 1364 793 1446 887; x_wconf 57' lang='grc' dir='ltr'>-ζ-</span> <span class='ocrx_word' id='word_1_21' title='bbox 1485 796 1562 869; x_wconf 81' lang='lat' dir='ltr'>in</span> <span class='ocrx_word' id='word_1_22' title='bbox 1600 788 1709 908; x_wconf 49' lang='grc' dir='ltr'>ᾖ,</span> <span class='ocrx_word' id='word_1_23' title='bbox 1744 797 2068 895; x_wconf 77' lang='lat' dir='ltr'>perinde</span> <span class='ocrx_word' id='word_1_24' title='bbox 2103 806 2239 870; x_wconf 69' lang='lat' dir='ltr'>est.</span> <span class='ocrx_word' id='word_1_25' title='bbox 2441 779 2731 882; x_wconf 34' lang='grc' dir='ltr'>ψ-ῙΣ-κ</span> 
     </span>
    </p>
   </div>
   <div class='ocr_carea' id='block_1_4' title="bbox 258 912 2363 2709">
    <p class='ocr_par' dir='ltr' id='par_1_4' title="bbox 258 912 2363 2372">
     <span class='ocr_line' id='line_1_4' title="bbox 365 912 2360 1012; baseline 0.003 -29"><span class='ocrx_word' id='word_1_26' title='bbox 365 912 472 988; x_wconf 89' lang='grc' dir='ltr'>Β.</span> <span class='ocrx_word' id='word_1_27' title='bbox 519 915 774 988; x_wconf 86' lang='lat' dir='ltr'><strong>Oratio</strong></span> <span class='ocrx_word' id='word_1_28' title='bbox 803 915 1100 1011; x_wconf 91' lang='lat' dir='ltr'>quidem</span> <span class='ocrx_word' id='word_1_29' title='bbox 1125 914 1337 987; x_wconf 90' lang='lat' dir='ltr'>valde</span> <span class='ocrx_word' id='word_1_30' title='bbox 1373 915 1774 1011; x_wconf 86' lang='lat' dir='ltr'><strong>symbolica</strong></span> <span class='ocrx_word' id='word_1_31' title='bbox 1809 928 1942 1004; x_wconf 87' lang='lat' dir='ltr'>est,</span> <span class='ocrx_word' id='word_1_32' title='bbox 1980 915 2109 988; x_wconf 89' lang='lat' dir='ltr'>sed</span> <span class='ocrx_word' id='word_1_33' title='bbox 2141 941 2360 1012; x_wconf 90' lang='lat' dir='ltr'>quam</span> 
     </span>
     <span class='ocr_line' id='line_1_5' title="bbox 260 1029 2363 1126; baseline 0.002 -27"><span class='ocrx_word' id='word_1_34' title='bbox 260 1051 420 1100; x_wconf 89' lang='lat' dir='ltr'>non</span> <span class='ocrx_word' id='word_1_35' title='bbox 463 1029 813 1126; x_wconf 83' lang='lat' dir='ltr'><strong>intelligo.</strong></span> <span class='ocrx_word' id='word_1_36' title='bbox 916 1029 1314 1125; x_wconf 84' lang='lat' dir='ltr'>Nunquam</span> <span class='ocrx_word' id='word_1_37' title='bbox 1351 1031 1549 1101; x_wconf 87' lang='lat' dir='ltr'>enim</span> <span class='ocrx_word' id='word_1_38' title='bbox 1585 1029 2051 1125; x_wconf 88' lang='lat' dir='ltr'>multiplicari</span> <span class='ocrx_word' id='word_1_39' title='bbox 2087 1030 2363 1126; x_wconf 89' lang='lat' dir='ltr'>aliquid</span> 
     </span>
     <span class='ocr_line' id='line_1_6' title="bbox 262 1142 2363 1240; baseline 0.001 -27"><span class='ocrx_word' id='word_1_40' title='bbox 262 1142 536 1230; x_wconf 89' lang='lat' dir='ltr'>audivi,</span> <span class='ocrx_word' id='word_1_41' title='bbox 573 1167 816 1240; x_wconf 88' lang='lat' dir='ltr'>neque</span> <span class='ocrx_word' id='word_1_42' title='bbox 860 1143 1248 1238; x_wconf 86' lang='lat' dir='ltr'>imaginari</span> <span class='ocrx_word' id='word_1_43' title='bbox 1294 1166 1618 1240; x_wconf 89' lang='lat' dir='ltr'>possum,</span> <span class='ocrx_word' id='word_1_44' title='bbox 1671 1142 1811 1215; x_wconf 91' lang='lat' dir='ltr'>nisi</span> <span class='ocrx_word' id='word_1_45' title='bbox 1856 1154 1939 1216; x_wconf 92' lang='lat' dir='ltr'>ut</span> <span class='ocrx_word' id='word_1_46' title='bbox 1987 1144 2198 1215; x_wconf 89' lang='lat' dir='ltr'>fieret</span> <span class='ocrx_word' id='word_1_47' title='bbox 2245 1144 2363 1216; x_wconf 88' lang='lat' dir='ltr'>vel</span> 
     </span>
     <span class='ocr_line' id='line_1_7' title="bbox 258 1255 2362 1353; baseline 0.002 -27"><span class='ocrx_word' id='word_1_48' title='bbox 258 1255 604 1351; x_wconf 87' lang='lat' dir='ltr'>multiplo</span> <span class='ocrx_word' id='word_1_49' title='bbox 641 1257 901 1352; x_wconf 89' lang='lat' dir='ltr'>major,</span> <span class='ocrx_word' id='word_1_50' title='bbox 932 1279 1193 1352; x_wconf 86' lang='lat' dir='ltr'><strong>nempe</strong></span> <span class='ocrx_word' id='word_1_51' title='bbox 1229 1255 1526 1351; x_wconf 90' lang='lat' dir='ltr'>quando</span> <span class='ocrx_word' id='word_1_52' title='bbox 1566 1256 2073 1352; x_wconf 84' lang='lat' dir='ltr'>multiplicatio</span> <span class='ocrx_word' id='word_1_53' title='bbox 2108 1257 2194 1330; x_wconf 88' lang='lat' dir='ltr'>fit</span> <span class='ocrx_word' id='word_1_54' title='bbox 2227 1281 2362 1353; x_wconf 90' lang='lat' dir='ltr'>per</span> 
     </span>
     <span class='ocr_line' id='line_1_8' title="bbox 261 1368 2357 1465; baseline 0.001 -26"><span class='ocrx_word' id='word_1_55' title='bbox 261 1390 656 1441; x_wconf 89' lang='lat' dir='ltr'>numerum</span> <span class='ocrx_word' id='word_1_56' title='bbox 716 1369 1111 1463; x_wconf 83' lang='lat' dir='ltr'>integrum,</span> <span class='ocrx_word' id='word_1_57' title='bbox 1166 1368 1284 1441; x_wconf 84' lang='lat' dir='ltr'>vel</span> <span class='ocrx_word' id='word_1_58' title='bbox 1337 1368 1675 1463; x_wconf 83' lang='lat' dir='ltr'>multiplo</span> <span class='ocrx_word' id='word_1_59' title='bbox 1738 1369 1999 1458; x_wconf 90' lang='lat' dir='ltr'>minor,</span> <span class='ocrx_word' id='word_1_60' title='bbox 2063 1369 2357 1465; x_wconf 89' lang='lat' dir='ltr'>quando</span> 
     </span>
     <span class='ocr_line' id='line_1_9' title="bbox 260 1481 2359 1579; baseline 0.002 -27"><span class='ocrx_word' id='word_1_61' title='bbox 260 1481 765 1576; x_wconf 87' lang='lat' dir='ltr'>multiplicans</span> <span class='ocrx_word' id='word_1_62' title='bbox 835 1493 944 1554; x_wconf 89' lang='lat' dir='ltr'>est</span> <span class='ocrx_word' id='word_1_63' title='bbox 1013 1505 1359 1554; x_wconf 89' lang='lat' dir='ltr'>numerus</span> <span class='ocrx_word' id='word_1_64' title='bbox 1427 1481 1728 1554; x_wconf 83' lang='lat' dir='ltr'>fractus,</span> <span class='ocrx_word' id='word_1_65' title='bbox 1868 1482 2041 1555; x_wconf 90' lang='lat' dir='ltr'>Non</span> <span class='ocrx_word' id='word_1_66' title='bbox 2108 1483 2359 1579; x_wconf 89' lang='lat' dir='ltr'>itaque</span> 
     </span>
     <span class='ocr_line' id='line_1_10' title="bbox 263 1594 2358 1691; baseline 0.002 -25"><span class='ocrx_word' id='word_1_67' title='bbox 263 1594 600 1690; x_wconf 83' lang='lat' dir='ltr'>intelligo</span> <span class='ocrx_word' id='word_1_68' title='bbox 652 1594 1021 1690; x_wconf 90' lang='lat' dir='ltr'>quomodo</span> <span class='ocrx_word' id='word_1_69' title='bbox 1078 1594 1355 1690; x_wconf 90' lang='lat' dir='ltr'>aliquid</span> <span class='ocrx_word' id='word_1_70' title='bbox 1409 1594 1883 1690; x_wconf 91' lang='lat' dir='ltr'>multiplicari</span> <span class='ocrx_word' id='word_1_71' title='bbox 1935 1596 2164 1691; x_wconf 87' lang='lat' dir='ltr'>possit</span> <span class='ocrx_word' id='word_1_72' title='bbox 2217 1597 2358 1671; x_wconf 91' lang='lat' dir='ltr'>nisi</span> 
     </span>
     <span class='ocr_line' id='line_1_11' title="bbox 263 1707 2355 1806; baseline 0.001 -27"><span class='ocrx_word' id='word_1_73' title='bbox 263 1731 394 1802; x_wconf 90' lang='lat' dir='ltr'>per</span> <span class='ocrx_word' id='word_1_74' title='bbox 428 1730 823 1780; x_wconf 89' lang='lat' dir='ltr'>numerum</span> <span class='ocrx_word' id='word_1_75' title='bbox 858 1708 1229 1803; x_wconf 83' lang='lat' dir='ltr'>integrum</span> <span class='ocrx_word' id='word_1_76' title='bbox 1263 1707 1381 1780; x_wconf 88' lang='lat' dir='ltr'>vel</span> <span class='ocrx_word' id='word_1_77' title='bbox 1406 1707 1748 1780; x_wconf 88' lang='lat' dir='ltr'>fractum.</span> <span class='ocrx_word' id='word_1_78' title='bbox 1830 1708 2140 1781; x_wconf 84' lang='lat' dir='ltr'>Veniam</span> <span class='ocrx_word' id='word_1_79' title='bbox 2178 1733 2355 1806; x_wconf 85' lang='lat' dir='ltr'>ergo</span> 
     </span>
     <span class='ocr_line' id='line_1_12' title="bbox 263 1819 2354 1917; baseline 0.001 -25"><span class='ocrx_word' id='word_1_80' title='bbox 263 1820 442 1892; x_wconf 86' lang='lat' dir='ltr'>mihi</span> <span class='ocrx_word' id='word_1_81' title='bbox 491 1820 705 1893; x_wconf 89' lang='lat' dir='ltr'>dabit</span> <span class='ocrx_word' id='word_1_82' title='bbox 749 1820 1144 1908; x_wconf 89' lang='lat' dir='ltr'>Wallisius,</span> <span class='ocrx_word' id='word_1_83' title='bbox 1202 1820 1263 1892; x_wconf 92' lang='lat' dir='ltr'>si</span> <span class='ocrx_word' id='word_1_84' title='bbox 1320 1844 1469 1893; x_wconf 90' lang='lat' dir='ltr'>non</span> <span class='ocrx_word' id='word_1_85' title='bbox 1526 1819 1934 1917; x_wconf 86' lang='lat' dir='ltr'>intelligam</span> <span class='ocrx_word' id='word_1_86' title='bbox 1986 1822 2354 1916; x_wconf 91' lang='lat' dir='ltr'>quomodo</span> 
     </span>
     <span class='ocr_line' id='line_1_13' title="bbox 265 1933 2354 2029; baseline 0 -24"><span class='ocrx_word' id='word_1_87' title='bbox 265 1934 452 2006; x_wconf 88' lang='lat' dir='ltr'>ratio</span> <span class='ocrx_word' id='word_1_88' title='bbox 493 1935 558 2005; x_wconf 89' lang='lat' dir='ltr'><strong>A</strong></span> <span class='ocrx_word' id='word_1_89' title='bbox 589 1934 683 2007; x_wconf 91' lang='lat' dir='ltr'>ad</span> <span class='ocrx_word' id='word_1_90' title='bbox 720 1935 781 2007; x_wconf 92' lang='lat' dir='ltr'>B</span> <span class='ocrx_word' id='word_1_91' title='bbox 818 1934 986 2007; x_wconf 90' lang='lat' dir='ltr'>duci</span> <span class='ocrx_word' id='word_1_92' title='bbox 1030 1934 1261 2029; x_wconf 88' lang='lat' dir='ltr'>possit</span> <span class='ocrx_word' id='word_1_93' title='bbox 1309 1935 1385 2005; x_wconf 93' lang='lat' dir='ltr'>in</span> <span class='ocrx_word' id='word_1_94' title='bbox 1440 1933 1803 2006; x_wconf 87' lang='lat' dir='ltr'>rationem</span> <span class='ocrx_word' id='word_1_95' title='bbox 1839 1968 1877 2001; x_wconf 87' lang='grc' dir='ltr'>α</span> <span class='ocrx_word' id='word_1_96' title='bbox 1911 1933 2006 2006; x_wconf 91' lang='lat' dir='ltr'>ad</span> <span class='ocrx_word' id='word_1_97' title='bbox 2037 1941 2104 2016; x_wconf 86' lang='grc' dir='ltr'>β.</span> <span class='ocrx_word' id='word_1_98' title='bbox 2212 1935 2354 2007; x_wconf 86' lang='lat' dir='ltr'>Ra-</span> 
     </span>
     <span class='ocr_line' id='line_1_14' title="bbox 265 2045 2357 2142; baseline 0 -23"><span class='ocrx_word' id='word_1_99' title='bbox 265 2047 544 2120; x_wconf 86' lang='lat' dir='ltr'>tionem</span> <span class='ocrx_word' id='word_1_100' title='bbox 599 2071 730 2142; x_wconf 89' lang='lat' dir='ltr'>per</span> <span class='ocrx_word' id='word_1_101' title='bbox 790 2071 1179 2120; x_wconf 90' lang='lat' dir='ltr'>numerum</span> <span class='ocrx_word' id='word_1_102' title='bbox 1232 2045 1704 2142; x_wconf 90' lang='lat' dir='ltr'>multiplicari</span> <span class='ocrx_word' id='word_1_103' title='bbox 1749 2069 1987 2141; x_wconf 89' lang='lat' dir='ltr'>posse,</span> <span class='ocrx_word' id='word_1_104' title='bbox 2026 2047 2219 2130; x_wconf 88' lang='lat' dir='ltr'>scio;</span> <span class='ocrx_word' id='word_1_105' title='bbox 2277 2059 2357 2119; x_wconf 91' lang='lat' dir='ltr'>ut</span> 
     </span>
     <span class='ocr_line' id='line_1_15' title="bbox 268 2159 2356 2256; baseline 0 -25"><span class='ocrx_word' id='word_1_106' title='bbox 268 2161 565 2253; x_wconf 89' lang='lat' dir='ltr'>quando</span> <span class='ocrx_word' id='word_1_107' title='bbox 600 2161 791 2233; x_wconf 87' lang='lat' dir='ltr'>ratio</span> <span class='ocrx_word' id='word_1_108' title='bbox 831 2160 1314 2256; x_wconf 90' lang='lat' dir='ltr'>multiplicata</span> <span class='ocrx_word' id='word_1_109' title='bbox 1346 2183 1479 2256; x_wconf 92' lang='lat' dir='ltr'>per</span> <span class='ocrx_word' id='word_1_110' title='bbox 1514 2170 1586 2250; x_wconf 84' lang='lat'>2,</span> <span class='ocrx_word' id='word_1_111' title='bbox 1624 2159 2063 2256; x_wconf 84' lang='lat' dir='ltr'>duplicatur,</span> <span class='ocrx_word' id='word_1_112' title='bbox 2110 2170 2185 2232; x_wconf 92' lang='lat' dir='ltr'>et</span> <span class='ocrx_word' id='word_1_113' title='bbox 2225 2184 2356 2256; x_wconf 91' lang='lat' dir='ltr'>per</span> 
     </span>
     <span class='ocr_line' id='line_1_16' title="bbox 269 2272 2355 2372; baseline 0 -27"><span class='ocrx_word' id='word_1_114' title='bbox 269 2282 334 2361; x_wconf 87' lang='lat'>3,</span> <span class='ocrx_word' id='word_1_115' title='bbox 358 2274 807 2370; x_wconf 84' lang='lat' dir='ltr'>triplicatur,</span> <span class='ocrx_word' id='word_1_116' title='bbox 833 2286 906 2346; x_wconf 90' lang='lat' dir='ltr'>et</span> <span class='ocrx_word' id='word_1_117' title='bbox 940 2297 1073 2369; x_wconf 91' lang='lat' dir='ltr'>per</span> <span class='ocrx_word' id='word_1_118' title='bbox 1109 2293 1171 2372; x_wconf 46' lang='grc' dir='ltr'>ᾗ,</span> <span class='ocrx_word' id='word_1_119' title='bbox 1199 2275 1284 2346; x_wconf 89' lang='lat' dir='ltr'>fit</span> <span class='ocrx_word' id='word_1_120' title='bbox 1306 2272 1493 2346; x_wconf 90' lang='lat' dir='ltr'>ratio</span> <span class='ocrx_word' id='word_1_121' title='bbox 1521 2273 1828 2346; x_wconf 90' lang='lat' dir='ltr'>rationis</span> <span class='ocrx_word' id='word_1_122' title='bbox 1855 2273 2355 2367; x_wconf 89' lang='lat' dir='ltr'>sesquialtera.</span> 
     </span>
    </p>

    <p class='ocr_par' dir='ltr' id='par_1_5' title="bbox 267 2385 2357 2709">
     <span class='ocr_line' id='line_1_17' title="bbox 360 2385 2357 2483; baseline -0.001 -24"><span class='ocrx_word' id='word_1_123' title='bbox 360 2387 460 2460; x_wconf 82' lang='lat' dir='ltr'>A.</span> <span class='ocrx_word' id='word_1_124' title='bbox 522 2388 614 2459; x_wconf 95' lang='lat' dir='ltr'>In</span> <span class='ocrx_word' id='word_1_125' title='bbox 665 2387 865 2460; x_wconf 92' lang='lat' dir='ltr'>omni</span> <span class='ocrx_word' id='word_1_126' title='bbox 911 2387 1521 2483; x_wconf 86' lang='lat' dir='ltr'>multiplicatione</span> <span class='ocrx_word' id='word_1_127' title='bbox 1572 2387 1658 2458; x_wconf 88' lang='lat' dir='ltr'>fit</span> <span class='ocrx_word' id='word_1_128' title='bbox 1717 2399 1802 2458; x_wconf 90' lang='lat' dir='ltr'>ut</span> <span class='ocrx_word' id='word_1_129' title='bbox 1863 2385 2357 2482; x_wconf 89' lang='lat' dir='ltr'>multiplicans</span> 
     </span>
     <span class='ocr_line' id='line_1_18' title="bbox 268 2499 2356 2598; baseline 0.001 -26"><span class='ocrx_word' id='word_1_130' title='bbox 268 2499 356 2574; x_wconf 86' lang='lat' dir='ltr'>ad</span> <span class='ocrx_word' id='word_1_131' title='bbox 390 2502 787 2590; x_wconf 90' lang='lat' dir='ltr'>unitatem,</span> <span class='ocrx_word' id='word_1_132' title='bbox 824 2502 928 2575; x_wconf 89' lang='lat' dir='ltr'>ita</span> <span class='ocrx_word' id='word_1_133' title='bbox 962 2501 1363 2598; x_wconf 89' lang='lat' dir='ltr'>productus</span> <span class='ocrx_word' id='word_1_134' title='bbox 1398 2501 1493 2574; x_wconf 90' lang='lat' dir='ltr'>ad</span> <span class='ocrx_word' id='word_1_135' title='bbox 1526 2499 2119 2596; x_wconf 90' lang='lat' dir='ltr'>multiplicatum.</span> <span class='ocrx_word' id='word_1_136' title='bbox 2209 2501 2356 2574; x_wconf 91' lang='lat' dir='ltr'>Ita-</span> 
     </span>
     <span class='ocr_line' id='line_1_19' title="bbox 267 2615 2353 2709; baseline 0.001 -23"><span class='ocrx_word' id='word_1_137' title='bbox 267 2637 403 2709; x_wconf 90' lang='lat' dir='ltr'>que</span> <span class='ocrx_word' id='word_1_138' title='bbox 458 2626 651 2709; x_wconf 91' lang='lat' dir='ltr'>quot</span> <span class='ocrx_word' id='word_1_139' title='bbox 710 2615 1040 2688; x_wconf 89' lang='lat' dir='ltr'>continet</span> <span class='ocrx_word' id='word_1_140' title='bbox 1088 2616 1409 2688; x_wconf 87' lang='lat' dir='ltr'>unitates</span> <span class='ocrx_word' id='word_1_141' title='bbox 1469 2615 1659 2688; x_wconf 90' lang='lat' dir='ltr'>ratio</span> <span class='ocrx_word' id='word_1_142' title='bbox 1707 2615 1774 2686; x_wconf 94' lang='lat' dir='ltr'>A</span> <span class='ocrx_word' id='word_1_143' title='bbox 1828 2615 1922 2688; x_wconf 89' lang='lat' dir='ltr'>ad</span> <span class='ocrx_word' id='word_1_144' title='bbox 1984 2615 2068 2704; x_wconf 92' lang='lat' dir='ltr'>B,</span> <span class='ocrx_word' id='word_1_145' title='bbox 2132 2616 2353 2689; x_wconf 91' lang='lat' dir='ltr'>toties</span> 
     </span>
    </p>
   </div>
   <div class='ocr_carea' id='block_1_5' title="bbox 485 2732 524 2761">
    <p class='ocr_par' dir='ltr' id='par_1_6' title="bbox 485 2732 524 2761">
     <span class='ocr_line' id='line_1_20' title="bbox 485 2732 524 2761; baseline 0 0"><span class='ocrx_word' id='word_1_146' title='bbox 485 2732 524 2761; x_wconf 74' lang='lat' dir='ltr'><em>a</em></span> 
     </span>
    </p>
   </div>
   <div class='ocr_carea' id='block_1_6' title="bbox 267 2738 2358 4064">
    <p class='ocr_par' dir='ltr' id='par_1_7' title="bbox 267 2738 2358 4064">
     <span class='ocr_line' id='line_1_21' title="bbox 277 2738 2353 2853; baseline -0 -40"><span class='ocrx_word' id='word_1_147' title='bbox 277 2738 349 2831; x_wconf 50' lang='grc' dir='ltr'><strong><em>ξ</em></strong></span> <span class='ocrx_word' id='word_1_148' title='bbox 372 2741 448 2813; x_wconf 90' lang='lat' dir='ltr'>in</span> <span class='ocrx_word' id='word_1_149' title='bbox 479 2791 525 2853; x_wconf 72' lang='grc' dir='ltr'><em>β</em></span> <span class='ocrx_word' id='word_1_150' title='bbox 558 2742 890 2814; x_wconf 90' lang='lat' dir='ltr'>continet</span> <span class='ocrx_word' id='word_1_151' title='bbox 918 2741 1274 2813; x_wconf 90' lang='lat' dir='ltr'>rationem</span> <span class='ocrx_word' id='word_1_152' title='bbox 1303 2775 1340 2811; x_wconf 81' lang='lat' dir='ltr'>a</span> <span class='ocrx_word' id='word_1_153' title='bbox 1369 2740 1463 2813; x_wconf 91' lang='lat' dir='ltr'>ad</span> <span class='ocrx_word' id='word_1_154' title='bbox 1488 2757 1556 2830; x_wconf 86' lang='grc' dir='ltr'>β.</span> <span class='ocrx_word' id='word_1_155' title='bbox 1606 2741 1875 2814; x_wconf 88' lang='lat' dir='ltr'>Sanine</span> <span class='ocrx_word' id='word_1_156' title='bbox 1902 2753 2071 2813; x_wconf 88' lang='lat' dir='ltr'>sunt</span> <span class='ocrx_word' id='word_1_157' title='bbox 2098 2740 2222 2836; x_wconf 91' lang='lat' dir='ltr'>qui</span> <span class='ocrx_word' id='word_1_158' title='bbox 2249 2741 2353 2813; x_wconf 91' lang='lat' dir='ltr'>sic</span> 
     </span>
     <span class='ocr_line' id='line_1_22' title="bbox 267 2855 2354 2955; baseline 0.002 -28"><span class='ocrx_word' id='word_1_159' title='bbox 267 2855 720 2952; x_wconf 78' lang='lat' dir='ltr'>loquuntur?</span> <span class='ocrx_word' id='word_1_160' title='bbox 825 2859 976 2932; x_wconf 88' lang='lat' dir='ltr'>Aut</span> <span class='ocrx_word' id='word_1_161' title='bbox 1007 2860 1491 2955; x_wconf 87' lang='lat' dir='ltr'>professorem</span> <span class='ocrx_word' id='word_1_162' title='bbox 1541 2860 1762 2931; x_wconf 85' lang='lat' dir='ltr'>talem</span> <span class='ocrx_word' id='word_1_163' title='bbox 1816 2859 2010 2931; x_wconf 87' lang='lat' dir='ltr'>ferre</span> <span class='ocrx_word' id='word_1_164' title='bbox 2062 2882 2354 2954; x_wconf 88' lang='lat' dir='ltr'>aequum</span> 
     </span>
     <span class='ocr_line' id='line_1_23' title="bbox 268 2971 2348 3069; baseline 0.001 -28"><span class='ocrx_word' id='word_1_165' title='bbox 268 2984 372 3041; x_wconf 87' lang='lat' dir='ltr'>est</span> <span class='ocrx_word' id='word_1_166' title='bbox 406 2971 899 3060; x_wconf 82' lang='lat' dir='ltr'>academicoS‚</span> <span class='ocrx_word' id='word_1_167' title='bbox 929 2971 988 3044; x_wconf 89' lang='lat' dir='ltr'>si</span> <span class='ocrx_word' id='word_1_168' title='bbox 1026 2971 1119 3044; x_wconf 90' lang='lat' dir='ltr'>ad</span> <span class='ocrx_word' id='word_1_169' title='bbox 1155 2971 1359 3044; x_wconf 91' lang='lat' dir='ltr'>illum</span> <span class='ocrx_word' id='word_1_170' title='bbox 1402 2972 1868 3069; x_wconf 85' lang='lat' dir='ltr'>expuendum</span> <span class='ocrx_word' id='word_1_171' title='bbox 1916 2972 2091 3044; x_wconf 89' lang='lat' dir='ltr'>satis</span> <span class='ocrx_word' id='word_1_172' title='bbox 2127 2971 2348 3044; x_wconf 92' lang='lat' dir='ltr'>habe-</span> 
     </span>
     <span class='ocr_line' id='line_1_24' title="bbox 270 3084 2353 3181; baseline 0.002 -28"><span class='ocrx_word' id='word_1_173' title='bbox 270 3099 427 3157; x_wconf 85' lang='lat' dir='ltr'>rent</span> <span class='ocrx_word' id='word_1_174' title='bbox 461 3084 789 3157; x_wconf 81' lang='lat' dir='ltr'>virium?</span> <span class='ocrx_word' id='word_1_175' title='bbox 903 3085 1128 3158; x_wconf 88' lang='lat' dir='ltr'>Paulo</span> <span class='ocrx_word' id='word_1_176' title='bbox 1179 3099 1375 3181; x_wconf 90' lang='lat' dir='ltr'>post,</span> <span class='ocrx_word' id='word_1_177' title='bbox 1422 3110 1593 3159; x_wconf 92' lang='lat' dir='ltr'>cum</span> <span class='ocrx_word' id='word_1_178' title='bbox 1639 3086 1941 3158; x_wconf 83' lang='lat' dir='ltr'>dixisset</span> <span class='ocrx_word' id='word_1_179' title='bbox 1992 3085 2353 3158; x_wconf 87' lang='lat' dir='ltr'>rationem</span> 
     </span>
     <span class='ocr_line' id='line_1_25' title="bbox 271 3194 2348 3294; baseline 0.002 -27"><span class='ocrx_word' id='word_1_180' title='bbox 271 3194 564 3293; x_wconf 88' lang='lat' dir='ltr'>duplam</span> <span class='ocrx_word' id='word_1_181' title='bbox 630 3199 970 3293; x_wconf 90' lang='lat' dir='ltr'>componi</span> <span class='ocrx_word' id='word_1_182' title='bbox 1029 3222 1119 3270; x_wconf 86' lang='lat' dir='ltr'>ex</span> <span class='ocrx_word' id='word_1_183' title='bbox 1179 3198 1657 3294; x_wconf 89' lang='lat' dir='ltr'>sesquialtera</span> <span class='ocrx_word' id='word_1_184' title='bbox 1710 3212 1785 3270; x_wconf 90' lang='lat' dir='ltr'>et</span> <span class='ocrx_word' id='word_1_185' title='bbox 1841 3198 2348 3292; x_wconf 89' lang='lat' dir='ltr'>sesquitertia:</span> 
     </span>
     <span class='ocr_line' id='line_1_26' title="bbox 277 3309 2353 3407; baseline 0 -25"><span class='ocrx_word' id='word_1_186' title='bbox 277 3309 499 3405; x_wconf 90' lang='lat' dir='ltr'>(quod</span> <span class='ocrx_word' id='word_1_187' title='bbox 534 3334 793 3383; x_wconf 85' lang='lat' dir='ltr'>verum</span> <span class='ocrx_word' id='word_1_188' title='bbox 831 3323 967 3399; x_wconf 90' lang='lat' dir='ltr'>est,</span> <span class='ocrx_word' id='word_1_189' title='bbox 1005 3312 1064 3384; x_wconf 89' lang='lat' dir='ltr'>si</span> <span class='ocrx_word' id='word_1_190' title='bbox 1101 3336 1233 3406; x_wconf 87' lang='lat' dir='ltr'>per</span> <span class='ocrx_word' id='word_1_191' title='bbox 1265 3312 1629 3384; x_wconf 90' lang='lat' dir='ltr'>rationem</span> <span class='ocrx_word' id='word_1_192' title='bbox 1675 3309 1974 3407; x_wconf 89' lang='lat' dir='ltr'>duplam</span> <span class='ocrx_word' id='word_1_193' title='bbox 2009 3310 2353 3406; x_wconf 84' lang='lat' dir='ltr'>intelligit</span> 
     </span>
     <span class='ocr_line' id='line_1_27' title="bbox 272 3424 2352 3520; baseline 0.003 -29"><span class='ocrx_word' id='word_1_194' title='bbox 272 3424 632 3499; x_wconf 88' lang='lat' dir='ltr'>rationem</span> <span class='ocrx_word' id='word_1_195' title='bbox 680 3425 884 3520; x_wconf 89' lang='lat' dir='ltr'>dupli</span> <span class='ocrx_word' id='word_1_196' title='bbox 919 3425 1012 3498; x_wconf 91' lang='lat' dir='ltr'>ad</span> <span class='ocrx_word' id='word_1_197' title='bbox 1060 3425 1445 3520; x_wconf 90' lang='lat' dir='ltr'>simplum;</span> <span class='ocrx_word' id='word_1_198' title='bbox 1501 3424 1772 3520; x_wconf 85' lang='lat' dir='ltr'>alioqui</span> <span class='ocrx_word' id='word_1_199' title='bbox 1820 3424 2125 3507; x_wconf 89' lang='lat' dir='ltr'>falsum;</span> <span class='ocrx_word' id='word_1_200' title='bbox 2181 3449 2352 3498; x_wconf 87' lang='lat' dir='ltr'>nam</span> 
     </span>
     <span class='ocr_line' id='line_1_28' title="bbox 273 3534 2352 3634; baseline 0.002 -27"><span class='ocrx_word' id='word_1_201' title='bbox 273 3534 487 3632; x_wconf 90' lang='lat' dir='ltr'>dupla</span> <span class='ocrx_word' id='word_1_202' title='bbox 523 3537 718 3610; x_wconf 89' lang='lat' dir='ltr'>ratio</span> <span class='ocrx_word' id='word_1_203' title='bbox 756 3538 1022 3633; x_wconf 85' lang='lat' dir='ltr'>exponi</span> <span class='ocrx_word' id='word_1_204' title='bbox 1058 3563 1189 3634; x_wconf 87' lang='lat' dir='ltr'>per</span> <span class='ocrx_word' id='word_1_205' title='bbox 1228 3540 1608 3634; x_wconf 88' lang='lat' dir='ltr'>pauciores</span> <span class='ocrx_word' id='word_1_206' title='bbox 1657 3561 1878 3634; x_wconf 90' lang='lat' dir='ltr'>quam</span> <span class='ocrx_word' id='word_1_207' title='bbox 1915 3550 2065 3610; x_wconf 89' lang='lat' dir='ltr'>tres</span> <span class='ocrx_word' id='word_1_208' title='bbox 2102 3540 2352 3611; x_wconf 90' lang='lat' dir='ltr'>termi-</span> 
     </span>
     <span class='ocr_line' id='line_1_29' title="bbox 273 3652 2352 3747; baseline 0.002 -26"><span class='ocrx_word' id='word_1_209' title='bbox 273 3671 399 3723; x_wconf 89' lang='lat' dir='ltr'>nos</span> <span class='ocrx_word' id='word_1_210' title='bbox 431 3676 591 3725; x_wconf 90' lang='lat' dir='ltr'>non</span> <span class='ocrx_word' id='word_1_211' title='bbox 627 3664 896 3747; x_wconf 90' lang='lat' dir='ltr'>potest,</span> <span class='ocrx_word' id='word_1_212' title='bbox 949 3666 1033 3724; x_wconf 91' lang='lat' dir='ltr'>ut</span> <span class='ocrx_word' id='word_1_213' title='bbox 1068 3676 1203 3724; x_wconf 89' lang='lat' dir='ltr'>nec</span> <span class='ocrx_word' id='word_1_214' title='bbox 1238 3652 1428 3725; x_wconf 90' lang='lat' dir='ltr'>ratio</span> <span class='ocrx_word' id='word_1_215' title='bbox 1476 3652 1736 3747; x_wconf 88' lang='lat' dir='ltr'>simpla</span> <span class='ocrx_word' id='word_1_216' title='bbox 1783 3675 1913 3747; x_wconf 91' lang='lat' dir='ltr'>per</span> <span class='ocrx_word' id='word_1_217' title='bbox 1971 3654 2352 3747; x_wconf 89' lang='lat' dir='ltr'>pauciores</span> 
     </span>
     <span class='ocr_line' id='line_1_30' title="bbox 276 3764 2354 3861; baseline 0.002 -27"><span class='ocrx_word' id='word_1_218' title='bbox 276 3786 484 3856; x_wconf 90' lang='lat' dir='ltr'>quam</span> <span class='ocrx_word' id='word_1_219' title='bbox 522 3765 783 3857; x_wconf 89' lang='lat' dir='ltr'>duos):</span> <span class='ocrx_word' id='word_1_220' title='bbox 840 3766 1239 3861; x_wconf 85' lang='lat' dir='ltr'>subjungit,</span> <span class='ocrx_word' id='word_1_221' title='bbox 1283 3766 1417 3838; x_wconf 77' lang='lat' dir='ltr'>hoc</span> <span class='ocrx_word' id='word_1_222' title='bbox 1461 3775 1601 3851; x_wconf 70' lang='lat' dir='ltr'>est,</span> <span class='ocrx_word' id='word_1_223' title='bbox 1650 3775 1730 3837; x_wconf 81' lang='lat' dir='ltr'>ut</span> <span class='ocrx_word' id='word_1_224' title='bbox 1782 3764 2166 3861; x_wconf 76' lang='lat' dir='ltr'>loquuntur</span> <span class='ocrx_word' id='word_1_225' title='bbox 2201 3791 2354 3838; x_wconf 84' lang='lat' dir='ltr'>mu-</span> 
     </span>
     <span class='ocr_line' id='line_1_31' title="bbox 275 3877 2358 3977; baseline 0.003 -31"><span class='ocrx_word' id='word_1_226' title='bbox 275 3877 431 3969; x_wconf 74' lang='lat' dir='ltr'>sici,</span> <span class='ocrx_word' id='word_1_227' title='bbox 465 3905 567 3952; x_wconf 78' lang='lat' dir='ltr'>ex</span> <span class='ocrx_word' id='word_1_228' title='bbox 593 3878 952 3975; x_wconf 81' lang='lat' dir='ltr'>diapente</span> <span class='ocrx_word' id='word_1_229' title='bbox 984 3890 1059 3951; x_wconf 80' lang='lat' dir='ltr'>et</span> <span class='ocrx_word' id='word_1_230' title='bbox 1094 3878 1566 3952; x_wconf 67' lang='lat' dir='ltr'>diatessaron</span> <span class='ocrx_word' id='word_1_231' title='bbox 1601 3879 2054 3976; x_wconf 79' lang='lat' dir='ltr'>componitur</span> <span class='ocrx_word' id='word_1_232' title='bbox 2082 3881 2358 3977; x_wconf 82' lang='lat' dir='ltr'>diapa-</span> 
     </span>
     <span class='ocr_line' id='line_1_32' title="bbox 275 3990 1125 4064; baseline 0.004 -5"><span class='ocrx_word' id='word_1_233' title='bbox 275 4012 419 4063; x_wconf 71' lang='lat' dir='ltr'>son.</span> <span class='ocrx_word' id='word_1_234' title='bbox 522 3992 901 4063; x_wconf 89' lang='lat' dir='ltr'>Verumne</span> <span class='ocrx_word' id='word_1_235' title='bbox 933 3990 1125 4064; x_wconf 84' lang='lat' dir='ltr'>hoc?</span> 
     </span>
    </p>
   </div>
   <div class='ocr_carea' id='block_1_7' title="bbox 280 4115 2356 4531">
    <p class='ocr_par' dir='ltr' id='par_1_8' title="bbox 280 4115 2353 4326">
     <span class='ocr_line' id='line_1_33' title="bbox 374 4115 2353 4213; baseline 0.001 -24"><span class='ocrx_word' id='word_1_236' title='bbox 374 4116 469 4190; x_wconf 89' lang='lat' dir='ltr'>B.</span> <span class='ocrx_word' id='word_1_237' title='bbox 524 4115 889 4213; x_wconf 90' lang='lat' dir='ltr'>Equidem</span> <span class='ocrx_word' id='word_1_238' title='bbox 923 4118 1099 4189; x_wconf 90' lang='lat' dir='ltr'>artis</span> <span class='ocrx_word' id='word_1_239' title='bbox 1135 4117 1433 4191; x_wconf 87' lang='lat' dir='ltr'>musicae</span> <span class='ocrx_word' id='word_1_240' title='bbox 1472 4117 1855 4213; x_wconf 88' lang='lat' dir='ltr'>imperitus</span> <span class='ocrx_word' id='word_1_241' title='bbox 1892 4142 2074 4190; x_wconf 90' lang='lat' dir='ltr'>sum.</span> <span class='ocrx_word' id='word_1_242' title='bbox 2185 4117 2353 4190; x_wconf 88' lang='lat' dir='ltr'>Scio</span> 
     </span>
     <span class='ocr_line' id='line_1_34' title="bbox 280 4230 2352 4326; baseline 0.002 -26"><span class='ocrx_word' id='word_1_243' title='bbox 280 4238 516 4304; x_wconf 87' lang='lat' dir='ltr'>tamen</span> <span class='ocrx_word' id='word_1_244' title='bbox 541 4256 634 4303; x_wconf 85' lang='lat' dir='ltr'>ex</span> <span class='ocrx_word' id='word_1_245' title='bbox 659 4230 999 4325; x_wconf 88' lang='lat' dir='ltr'>diapente</span> <span class='ocrx_word' id='word_1_246' title='bbox 1023 4243 1095 4303; x_wconf 91' lang='lat' dir='ltr'>et</span> <span class='ocrx_word' id='word_1_247' title='bbox 1123 4231 1578 4304; x_wconf 89' lang='lat' dir='ltr'>diatessaron</span> <span class='ocrx_word' id='word_1_248' title='bbox 1603 4233 1944 4326; x_wconf 86' lang='lat' dir='ltr'>componi</span> <span class='ocrx_word' id='word_1_249' title='bbox 1977 4231 2352 4324; x_wconf 88' lang='lat' dir='ltr'>diapason.</span> 
     </span>
    </p>

    <p class='ocr_par' dir='ltr' id='par_1_9' title="bbox 286 4344 2356 4531">
     <span class='ocr_line' id='line_1_35' title="bbox 374 4344 2356 4442; baseline 0.001 -26"><span class='ocrx_word' id='word_1_250' title='bbox 374 4346 469 4417; x_wconf 87' lang='grc' dir='ltr'>Α.</span> <span class='ocrx_word' id='word_1_251' title='bbox 525 4344 676 4416; x_wconf 90' lang='lat' dir='ltr'>Sed</span> <span class='ocrx_word' id='word_1_252' title='bbox 716 4367 762 4415; x_wconf 89' lang='lat' dir='ltr'>a</span> <span class='ocrx_word' id='word_1_253' title='bbox 797 4355 966 4418; x_wconf 89' lang='lat' dir='ltr'>tono</span> <span class='ocrx_word' id='word_1_254' title='bbox 1001 4345 1148 4418; x_wconf 89' lang='lat' dir='ltr'>imo</span> <span class='ocrx_word' id='word_1_255' title='bbox 1195 4344 1290 4417; x_wconf 90' lang='lat' dir='ltr'>ad</span> <span class='ocrx_word' id='word_1_256' title='bbox 1342 4346 1680 4442; x_wconf 88' lang='lat' dir='ltr'>quintum</span> <span class='ocrx_word' id='word_1_257' title='bbox 1736 4357 1916 4439; x_wconf 88' lang='lat' dir='ltr'>quot</span> <span class='ocrx_word' id='word_1_258' title='bbox 1969 4366 2356 4417; x_wconf 89' lang='lat' dir='ltr'>numeran-</span> 
     </span>
     <span class='ocr_line' id='line_1_36' title="bbox 286 4456 644 4531; baseline 0 -4"><span class='ocrx_word' id='word_1_259' title='bbox 286 4463 397 4529; x_wconf 87' lang='lat' dir='ltr'>tur</span> <span class='ocrx_word' id='word_1_260' title='bbox 430 4456 644 4531; x_wconf 86' lang='lat' dir='ltr'>toni?</span> 
     </span>
    </p>
   </div>
  </div>
 </body>
</html>
