3094 5125
772 514 1407 566 MATHEMATICAE
1450 515 1938 566 HODIERNAE.
2312 513 2396 577 13

277 682 749 778 symbolum.
847 683 1044 779 Coge
1079 683 1303 779 igitur
1330 684 1532 756 illum
1564 707 1905 755 numeros
1934 707 2098 755 suos
2129 683 2393 778 eloqui.
2467 716 2768 758 nutoous

278 797 508 884 Dicit,
541 797 817 884 credo,
847 822 1228 869 numerum
1258 797 1570 870 alterum
1599 798 1855 870 saltem
1885 821 2044 869 esse
2071 796 2396 869 surdum.
2605 798 2644 837 ¹⁴

289 911 632 983 Surdum
674 924 933 983 autem
971 923 1100 997 est,
1150 911 1348 1007 quod
1397 912 1684 984 effabile
1718 935 1863 983 non
1903 922 2033 984 est.
2136 912 2300 984 Jam
2338 910 2398 981 si

279 1025 512 1096 series
551 1039 1033 1121 proponatur
1068 1049 1564 1109 numerorum,
1602 1027 1694 1098 ab
1730 1025 2010 1098 unitate
2046 1025 2398 1121 incipien-

280 1138 471 1210 tium
510 1149 597 1211 et
627 1140 929 1211 unitate
958 1140 1471 1227 crescentium,
1498 1140 1831 1222 infinita;
1886 1163 2130 1212 nonne
2164 1139 2240 1210 in
2276 1138 2401 1210 illa

284 1252 473 1324 serie
512 1274 884 1324 numeros
919 1275 1174 1325 omnes
1210 1253 1567 1325 contineri
1603 1264 1901 1349 putares
1933 1252 1957 1324 Ρ

388 1366 490 1436 B.
552 1366 822 1438 Certe.

391 1479 492 1549 A.
553 1478 724 1550 Aut
757 1477 987 1549 ullum
1025 1500 1278 1550 eorum
1317 1500 1473 1550 esse
1509 1477 1951 1551 ineffabilem
1981 1477 2005 1551 ἓ

392 1591 496 1663 Β.
556 1591 902 1664 Nullum.

394 1706 497 1776 Α.
557 1704 839 1776 Nullus
887 1727 1064 1799 ergo
1115 1727 1460 1776 numerus
1510 1704 1773 1777 surdus
1811 1716 1942 1777 est.
2052 1703 2198 1777 Sed
2234 1728 2398 1799 per-

300 1816 935 1911 gamus.—Quod
958 1826 1200 1888 autem
1221 1816 1341 1888 vel
1346 1814 1836 1914 philolog-ica,
1858 1816 1977 1889 vel
1994 1817 2218 1889 etiam
2243 1816 2398 1889 alia

295 1928 867 2028 philosophica,
918 1929 1453 2001 mathematicis
1498 1930 2010 2003 immiscuerim
2039 1958 2066 2013 ;
2105 1930 2401 2027 partim

304 2041 500 2116 illud
553 2042 676 2115 ad
726 2041 1046 2137 sulgjecti
1098 2041 1668 2139 explicationem
1714 2042 2148 2114 commodum
2200 2041 2400 2114 vide·

304 2152 553 2241 batur,
607 2155 905 2253 partim
962 2153 1181 2225 etiam
1239 2153 1672 2226 condimenti
1726 2152 1905 2242 loco,
1961 2153 2186 2246 &a—
2200 2153 2399 2227 Quid

304 2264 488 2341 illud
525 2278 672 2351 est,
720 2266 916 2362 quod
961 2279 1267 2361 apparat
1312 2265 1760 2339 condimenti
1797 2266 2119 2339 scientiae
2156 2290 2286 2362 per
2320 2290 2398 2339 se

304 2381 921 2474 jucundiSSlmae?
1036 2381 1153 2452 An
1215 2391 1598 2465 γελωτῡποιόν,
1660 2404 1752 2452 an
1815 2395 2039 2467 γελοῖον
2098 2392 2398 2454 acturus

311 2507 422 2567 est
455 2496 481 2568 Ρ

412 2611 516 2681 B.
576 2608 784 2682 Nihil
821 2608 1080 2680 minue.
1185 2607 1378 2680 Nam
1413 2631 1546 2702 per
1572 2609 2035 2705 philologica‚
2072 2633 2160 2682 ea
2193 2609 2400 2682 intel·

313 2717 478 2816 ligit
552 2745 722 2817 quae
783 2720 1257 2793 continentur
1315 2721 1390 2793 in
1453 2745 1611 2816 cap.
1676 2722 1772 2794 vi.
1829 2735 1906 2795 et
1967 2722 2398 2817 quibusdam

317 2835 795 2929 sequentibus
849 2833 940 2906 de
983 2834 1443 2930 etymologiis
1490 2836 1869 2908 nominum
1914 2837 2401 2909 numeralium

317 2944 777 3035 Latinorum,
831 2947 1047 3043 plena
1081 2948 1397 3042 ingenii;
1454 2949 1696 3043 qualia
1738 2961 1931 3037 sunt,
1975 2948 2402 3022 Latinorum

317 3080 577 3133 vocem
627 3085 836 3132 unum
881 3060 1192 3133 derivari
1240 3085 1285 3134 a
1318 3061 1576 3134 Graeco
1612 3077 1644 3132 ὅ
1671 3075 1769 3146 ἕν;
1813 3062 1956 3135 duo
1991 3087 2036 3135 a
2070 3075 2201 3142 &im
2249 3072 2403 3134 tres

318 3194 361 3242 a
383 3185 568 3262 τρεῖςς
609 3183 931 3270 quatuor
957 3198 1000 3246 a
1024 3189 1246 3263 vre'ropa,
1281 3189 1479 3265 vre'ropa
1509 3199 1553 3248 a
1571 3190 1773 3265 τέτορα,
1804 3187 1879 3248 et
1912 3176 2052 3249 hoc
2079 3200 2124 3248 a
2142 3191 2405 3266 τέσσαρας

249 3275 257 3281 ’
320 3285 641 3384 quinque
675 3310 719 3357 a
750 3302 925 3368 πέντε,
958 3287 1198 3382 posito
1235 3288 1412 3383 quin
1443 3312 1579 3384 pro
1613 3324 1733 3369 πεν,
1762 3301 1838 3361 et
1872 3314 2011 3386 que
2042 3313 2178 3386 pro
2212 3327 2288 3362 τε.

416 3399 520 3471 Α.
577 3397 794 3471 Unde
830 3398 988 3470 haec
1026 3399 1377 3494 conjicit?

415 3516 521 3586 B.
578 3513 874 3596 Nescio,
909 3513 1047 3584 nisi
1084 3538 1129 3584 a
1164 3514 1626 3608 congruitate
1660 3514 2062 3586 literarum.

416 3627 520 3699 A.
576 3627 748 3698 Non
789 3639 901 3698 est
936 3627 1128 3698 inter
1162 3640 1194 3696 ὅ
1221 3639 1280 3696 ἕν
1328 3639 1402 3699 et
1434 3651 1671 3715 unum,
1714 3650 1952 3723 neque
1998 3629 2191 3700 inter
2227 3652 2403 3724 qua-

326 3747 487 3812 tuor
524 3750 600 3812 et
635 3754 892 3828 τέσσαρα,
947 3763 1185 3835 neque
1220 3739 1412 3811 inter
1448 3740 1754 3837 quinque
1800 3752 1875 3812 et
1915 3757 2090 3822 πέντε,
2138 3764 2406 3836 magna

328 3854 640 3926 affinitas
675 3853 1051 3926 literarum
1083 3885 1101 3936 ;
1156 3861 1230 3925 et
1276 3853 1582 3949 quilibet
1628 3855 1849 3925 etiam
1886 3877 2072 3949 puer
2103 3864 2404 3926 tantun-

330 3965 491 4039 dem
529 3966 898 4060 conjicere
937 3967 1203 4061 potuit.

421 4078 516 4151 B.
571 4078 884 4165 Deinde,
921 4076 1206 4167 bellum,
1242 4078 1503 4174 inquit,
1540 4097 1577 4150 ὰ
1603 4095 1836 4170 πόλεμος
1852 4080 2213 4177 fortasse
2244 4077 2404 4150 dic-

330 4199 469 4265 tum
504 4201 642 4264 est.
749 4193 865 4263 An
903 4190 1354 4263 tandundem
1391 4192 1788 4287 conjiceret
1821 4193 2041 4265 etiam
2077 4188 2312 4286 puer?

420 4305 520 4377 A.
577 4304 910 4376 Minime.
1016 4303 1184 4376 Non
1223 4313 1332 4376 est
1378 4304 1573 4376 enim
1610 4304 1961 4377 derivatio
2004 4303 2128 4374 illa
2163 4325 2405 4396 neque

326 4441 499 4491 vera
555 4441 795 4514 neque
851 4416 1285 4506 verisimiliS,
1356 4416 1483 4490 sed
1550 4416 1883 4507 ridicula,
1953 4414 2404 4489 condimenti

329 4555 567 4606 081158.
