3094 5125
738 533 1376 585 MATHEMATICAE
1418 532 1902 584 HomnRNAE.
2262 514 2358 594 97

257 699 514 773 minus
567 700 882 775 denotat
941 725 1323 774 numerum
1385 724 1605 797 quem
1662 701 2107 808 quaerimus&
2140 722 2362 796 quam
2434 724 2737 766 nameus

257 811 486 887 litera
520 813 618 904 A,
652 815 773 888 vel
803 815 894 904 R,
929 816 1043 887 vel
1081 815 1462 888 character
1480 838 1547 911 p
1571 818 1614 887 2
1697 815 1851 887 Aut
1884 813 2125 886 minus
2160 824 2363 886 recte
2444 806 2729 911 L

259 924 615 1000 dicemus
671 927 978 1026 quaesiti
1012 928 1476 1025 quadratum,
1513 950 1732 1024 quam
1787 929 1854 1000 A
1879 929 1971 1018 A,
2032 927 2151 1000 vel
2205 929 2270 1000 A
2293 953 2364 1025 q,

259 1040 381 1112 vel
411 1037 568 1113 A2?

363 1153 483 1225 B.
539 1150 693 1225 Sed
725 1152 1019 1225 brevior
1065 1164 1177 1225 est
1234 1152 1538 1249 scriptio
1593 1177 1727 1251 per
1778 1153 2068 1226 literam
2117 1175 2362 1242 unam,

263 1290 505 1362 quam
537 1289 674 1361 per
701 1265 1067 1362 integrum
1101 1266 1560 1340 vocabulum.

373 1378 488 1451 Α.
548 1378 718 1451 Hoc
754 1378 1046 1475 quidem
1085 1377 1410 1452 concedo
1446 1380 1584 1453 tibi
1619 1381 1710 1454 de
1743 1380 2101 1453 brevitate
2137 1380 2366 1476 scrip-

267 1490 534 1579 tionis,
565 1513 720 1562 non
772 1500 1018 1563 autem
1065 1490 1155 1563 de
1190 1490 1547 1563 brevitate
1604 1491 2142 1589 cogitatorum;
2196 1492 2367 1586 quia

269 1628 436 1677 non
486 1605 951 1677 characteres
996 1604 1155 1693 soli,
1204 1628 1342 1677 nec
1376 1604 1532 1677 sola
1565 1606 1812 1695 verba,
1848 1605 1977 1679 sed
2023 1629 2140 1678 res
2193 1604 2368 1701 ipsae

276 1715 712 1814 cogitandae
747 1726 943 1805 sunt,
981 1740 1145 1813 quae
1178 1717 1592 1791 abbreviari
1616 1741 1766 1793 non
1800 1730 2133 1815 possunt.

386 1831 491 1904 B.
547 1829 820 1902 Nescio
856 1829 1033 1925 quid
1066 1829 1571 1925 respondeam.

387 1943 490 2017 Α.
544 1942 857 2033 Deinde,
911 1942 972 2015 si
1025 1942 1422 2016 necessitas
1478 1943 1606 2016 illa
1656 1942 1993 2015 absoluta
2042 1965 2193 2014 non
2247 1941 2367 2029 sit,

282 2057 419 2130 sed
455 2081 548 2129 ex
584 2056 961 2151 supposita
1004 2055 1383 2146 brevitate,
1420 2056 1600 2153 quid
1647 2055 1846 2128 dices
1901 2054 1995 2127 de
2046 2051 2369 2127 secundo

284 2194 427 2243 usu
448 2169 969 2266 symbolorum,
997 2193 1284 2265 nempe,
1316 2170 1407 2243 de
1433 2170 1821 2254 brevitate,
1844 2191 2069 2264 quare
2093 2167 2371 2263 primus

286 2307 465 2356 usus
499 2307 654 2355 non
681 2282 778 2355 sit
811 2283 1448 2378 supervacaneus?

391 2396 492 2469 B.
551 2395 821 2469 Nescio
854 2396 995 2469 hoc
1030 2420 1343 2493 quoque.

397 2510 495 2583 A.
552 2508 838 2583 Deinde
907 2509 1105 2606 quod
1172 2509 1380 2583 addit
1406 2507 1915 2583 z—hrevz‘tatis
1973 2518 2048 2582 et
2086 2507 2370 2606 sacili-

294 2624 478 2696 tatis
514 2646 773 2711 causa,
801 2648 961 2696 cum
996 2622 1190 2697 illud
1236 2648 1376 2697 non
1430 2647 1612 2695 raro
1664 2623 1887 2697 citius
1930 2632 2372 2721 peragatur

281 2760 432 2833 per
465 2735 796 2831 symbola
828 2761 956 2808 seu
987 2736 1304 2835 species,
1332 2762 1540 2834 quam
1564 2761 1720 2835 per
1754 2737 1961 2834 ipsos
1992 2761 2321 2810 numeros
2342 2764 2369 2810 .·

291 2848 534 2921 -nisi
567 2849 1021 2946 intelligatur
1056 2851 1147 2924 de
1180 2850 1603 2946 scriptione,
1638 2850 1899 2923 falsum
1934 2860 2067 2923 est.
2176 2850 2370 2922 Nam

292 2970 365 3033 et
383 2985 528 3049 reS,
553 2972 627 3035 et
649 2962 894 3051 verba,
917 2973 992 3036 et
1011 2963 1340 3059 symbola
1361 2962 1757 3059 cogitanda
1782 2973 2031 3046 erunt3
2060 2986 2370 3059 quorum

291 3074 633 3147 ultimum
684 3074 826 3147 erit
882 3075 1163 3149 inutile.
1265 3076 1308 3148 J
1314 3100 1434 3149 am
1466 3099 1643 3149 vero
1700 3076 1900 3173 quod
1945 3075 2040 3149 ad
2091 3076 2374 3171 perspi-

292 3187 642 3261 cuitatem
682 3187 971 3278 attinet,
1009 3211 1147 3284 ego
1183 3212 1357 3262 sane
1402 3189 1481 3261 in
1534 3188 1863 3285 legendis
1923 3188 2374 3262 demonstra-

291 3300 618 3373 tionibus
683 3324 817 3396 per
884 3301 1214 3396 symbola
1281 3300 1598 3396 scriptis,
1653 3325 1873 3397 quam
1939 3325 2073 3398 per
2123 3302 2368 3394 verba,

290 3416 649 3510 majorem
678 3435 964 3508 semper
988 3415 1228 3510 reperi
1250 3413 1780 3488 difficultatem.
1815 3415 1952 3503 Tu,
1977 3415 2102 3511 qui
2115 3413 2374 3488 conica

292 3529 447 3622 ejus
510 3525 912 3621 symbolice
960 3527 1237 3622 scripta
1289 3526 1558 3622 legisti,
1586 3526 1819 3623 magis
1868 3550 1956 3600 ea
1987 3527 2374 3623 perspicua

291 3664 446 3713 esse
473 3639 874 3727 existimas,
908 3663 1129 3735 quam
1155 3640 1415 3713 conica
1433 3638 1803 3735 Apollonii
1829 3641 1944 3714 vel
1971 3639 2371 3737 Midorgii?

392 3753 489 3825 B.
549 3753 712 3848 Ego
749 3754 824 3825 in
884 3751 1218 3848 legendis
1278 3752 1552 3827 conicis
1601 3753 1935 3840 Wallisii,
1971 3777 2138 3826 cum
2189 3754 2373 3826 inci-

296 3867 546 3939 derem
618 3865 698 3936 in
767 3866 1349 3961 propositionem
1416 3866 1737 3962 aliquam
1820 3867 2373 3963 longiusculam,

297 3979 573 4073 partim
607 3977 878 4050 laboris
925 3979 1402 4075 impatientia,
1436 3980 1707 4076 partim
1759 3979 1960 4074 quod
2011 4004 2172 4053 eam
2217 3981 2374 4075 jam

294 4103 467 4163 ante
497 4090 800 4164 aliunde
846 4114 1095 4164 veram
1155 4116 1309 4165 esse
1361 4093 1647 4182 scirem,
1685 4117 1823 4165 nec
1883 4092 1976 4166 de
2024 4091 2372 4166 methodo

295 4206 450 4300 ejus
476 4204 925 4293 dubitarem,
960 4203 1614 4279 demonstrationis
1650 4206 1841 4279 viam
1866 4207 2174 4279 nimium
2198 4204 2373 4277 levi-

297 4330 410 4390 ter
444 4316 890 4391 examinavi.
1398 4304 1402 4308 ’

393 4431 494 4505 Α.
550 4431 651 4503 In
703 4429 1447 4505 demonstrationibus
1487 4454 1642 4529 per
1702 4430 2057 4528 symbola,
2110 4455 2379 4529 opera-

489 4566 687 4619 VOL.
720 4564 836 4615 ιν.
2121 4567 2178 4618 Η
