3094 5125
646 495 791 559 224
1086 507 1616 559 ΕΧΑΜιΝΑΤιο
1655 507 1755 558 ET
1794 506 2279 559 ΕΜΕΝΒΑΤῙΟ

268 697 573 741 nameus
646 647 1272 721 semicirculorum
1310 648 1628 744 quidem,
1665 659 1741 719 et
1781 646 2297 743 quadrantum‚
2320 654 2394 717 et
2419 645 2728 717 aliorum

386 780 468 820 V1-
646 774 1010 835 sectorum
1065 774 1321 834 centra
1368 761 1754 857 gravitatis
1808 783 2278 856 cognoscere,
2331 758 2726 831 utilitatem

648 874 970 970 aliquam
1026 876 1250 949 habet
1284 875 1379 949 ad
1412 899 1683 970 magna
1717 873 2046 963 aedificia,
2082 882 2478 968 propterea
2532 871 2727 966 qnod

646 1011 822 1059 saxa
853 987 1167 1083 grandia
1202 986 1368 1060 talis
1403 987 1684 1074 formae,
1719 1009 2041 1082 appensa
2085 1009 2130 1057 a
2163 984 2434 1057 centris
2487 984 2727 1079 gravi-

644 1110 880 1173 tatum
915 1124 1236 1188 suarum,
1274 1100 1542 1173 elevari
1577 1101 1654 1172 in
1690 1099 1921 1172 altum
1956 1109 2262 1194 possunt
2306 1097 2726 1169 horizonta-

644 1215 836 1304 liter‚
894 1228 971 1288 et
1021 1216 1329 1311 proinde
1377 1227 1549 1310 apte
1610 1213 1998 1297 collocari;
2054 1212 2250 1309 quod
2308 1212 2522 1285 aliter
2565 1211 2727 1283 fieri

650 1353 808 1401 non
830 1340 1096 1425 potest,
1135 1329 1289 1401 sine
1320 1328 1553 1400 multo
1581 1327 1854 1414 labore,
1884 1340 2107 1421 atque
2134 1325 2357 1397 etiam
2403 1324 2725 1420 periculo

647 1465 763 1530 ne,
803 1441 976 1514 dum
1011 1442 1339 1514 vectibus
1375 1441 1979 1535 detorqueantur,
2017 1439 2555 1533 diffringantnr.

743 1555 841 1627 B.
896 1555 1199 1652 Redigis
1234 1555 1412 1627 mihi
1448 1555 1523 1627 in
1560 1553 1987 1626 memoriam
2021 1551 2344 1624 fabulam
2371 1551 2606 1647 vulpis
2651 1564 2726 1625 et

645 1667 943 1740 racemi.

742 1781 841 1855 A.
897 1781 1131 1854 Irride
1187 1792 1544 1879 quantum
1589 1779 1911 1853 libuerit.
2019 1778 2180 1873 Ego
2240 1778 2400 1850 haec
2469 1778 2724 1851 nihilo-

643 1893 885 1967 minus
932 1894 1338 1989 relinquam
1375 1894 1517 1966 illis
1544 1894 1808 1989 quibus
1844 1892 2134 1987 longius
2186 1902 2520 1986 speratur
2546 1904 2725 1963 tem-

640 2031 781 2104 pus
848 2007 1165 2080 vivendi.
1328 2006 1571 2079 Credo
1642 2019 1719 2078 te
1788 2007 1913 2102 qui
1983 2004 2725 2076 demonstrationibus

639 2121 970 2216 legendis
1006 2121 1332 2194 animum
1368 2120 1635 2192 acriter
1671 2119 2055 2191 intendere
2104 2118 2360 2190 solitus
2395 2142 2496 2207 eS‚
2546 2117 2723 2190 satis

636 2235 791 2329 jam
829 2233 1128 2306 tandem
1158 2233 1643 2328 defatigatum
1680 2255 1857 2304 esse.

746 2347 845 2419 B.
900 2346 1058 2442 Ego
1092 2369 1266 2418 vero
1296 2345 1619 2417 minime.
1696 2343 2042 2416 Delector
2076 2343 2271 2416 enim
2306 2344 2720 2440 paradoxiS,

640 2460 884 2555 qualia
918 2471 1089 2532 sunt
1121 2459 1306 2546 haec,
1335 2482 1499 2554 quae
1533 2457 1843 2552 legimus
1869 2457 2022 2530 fere
2057 2458 2325 2530 omnia.

750 2572 848 2645 A.
907 2572 1115 2645 Itane
1144 2572 1297 2645 ais?

743 2683 841 2758 B.
897 2683 1098 2759 Quid
1165 2681 1295 2756 ni?
1410 2680 1632 2758 Quod
1697 2695 2055 2778 punctum
2117 2683 2720 2778 magnitudinem,

641 2798 781 2870 etsi
840 2796 1233 2893 aliquando
1286 2819 1438 2868 non
1497 2794 2057 2884 consideratam,
2106 2794 2423 2891 aliquam
2476 2810 2724 2871 tamen

639 2911 931 2999 habeat,
966 2909 1420 3007 paradoxum
1453 2933 1608 2982 non
1644 2907 1811 2981 est?

740 3023 835 3095 A.
890 3024 1022 3096 Est
1050 3022 1367 3119 quidem,
1394 3021 1718 3118 sequutis
1745 3021 2132 3094 doctorum
2157 3021 2678 3097 authoritatem
2702 3056 2720 3106 ς

639 3138 1018 3211 utentibus
1078 3148 1323 3210 autem
1378 3137 1664 3209 ratione
1714 3134 2036 3232 propria,
2071 3135 2527 3231 paradoxum
2571 3161 2721 3210 non

636 3260 772 3323 est.
1127 3262 1130 3267 ’

742 3362 839 3436 B.
896 3362 1119 3438 Quod
1152 3363 1339 3435 ratio
1380 3387 1468 3435 ea
1500 3361 1818 3458 quidem,
1856 3384 2074 3457 quam
2109 3361 2385 3435 habent
2420 3361 2610 3434 inter
2644 3386 2722 3436 se

640 3477 785 3550 duo
820 3476 1229 3572 inaequalia‚
1267 3477 1641 3573 quantitas
1689 3475 1802 3565 sit,
1843 3499 1932 3548 ea
1963 3500 2161 3564 vero,
2200 3499 2414 3571 quam
2451 3477 2723 3551 habent

640 3588 786 3662 duo
855 3588 1187 3685 aequalia,
1258 3589 1632 3683 quantitas
1694 3611 1844 3661 non
1912 3587 2029 3673 sit,
2080 3587 2532 3685 paradoxum
2586 3601 2719 3664 est.

642 3702 863 3778 Quod
896 3702 973 3774 in
1010 3701 1245 3774 tribus
1280 3701 1625 3774 continue
1678 3702 2368 3797 proportionalibuS‚
2408 3727 2721 3797 quorum

635 3818 954 3914 primum
1008 3827 1119 3888 est
1178 3815 1585 3904 minimum,
1642 3815 1831 3887 ratio
1883 3815 2102 3911 primi
2154 3814 2247 3888 ad
2317 3816 2721 3889 secundum

636 3930 955 4004 semissis
1007 3939 1120 4002 est
1168 3928 1474 4001 rationis
1532 3929 1753 4025 primi
1805 3928 1899 4000 ad
1952 3928 2290 4002 tertium:
2343 3929 2542 4024 quod
2592 3954 2721 4003 an-

634 4044 849 4141 gulus
906 4040 1325 4116 rectilineus
1387 4052 1496 4115 est
1549 4041 1922 4136 quantitas
1985 4042 2481 4115 conversionis
2532 4043 2721 4116 radii

634 4158 833 4232 circa
866 4168 1245 4230 centrum:
1303 4154 1501 4250 quod
1562 4155 1871 4251 angulus
1925 4166 2307 4228 contactus
2343 4168 2455 4228 est
2490 4181 2718 4252 quan-

634 4272 833 4361 titas,
898 4295 1056 4344 esse
1111 4281 1360 4342 tamen
1428 4269 1739 4365 angulos
1785 4269 1880 4342 ad
1932 4293 2115 4366 quos
2176 4269 2298 4341 ille
2358 4269 2720 4342 rationem

631 4383 898 4458 habeat
949 4383 1271 4458 nullam:
1327 4382 1593 4455 deinde
1655 4382 1802 4473 illa,
1864 4406 2026 4479 quae
2084 4382 2258 4456 hinc
2326 4381 2718 4472 deduxisti,
