3094 5125
776 466 1418 519 affranium-1053
1460 467 1945 521 Romanula.
2268 455 2407 525 103

333 621 436 698 A.
491 627 688 705 Imo
715 634 1308 726 radicemhabet,
1322 636 1451 709 sed
1471 637 1672 710 nullo
1694 636 2054 734 aequalem
2071 660 2401 711 numero,
2474 659 2776 702 nmmos

249 734 460 812 Nam
529 748 861 820 numeri
922 757 1006 821 16
1061 761 1137 822 et
1190 757 1259 836 8,
1315 749 1439 846 qui
1490 749 1776 823 faciunt
1833 758 1996 839 128,
2064 750 2141 823 in
2210 750 2403 823 linea
2486 811 2503 831 .
2589 741 2679 783 ¹¹¹·
2754 809 2773 829 ,

245 865 470 927 recta
510 858 893 934 similiter
937 861 1168 935 divisa
1213 862 1290 935 in
1340 873 1589 959 partes
1644 861 2002 960 aliquotas
2051 862 2404 960 distingui

245 983 604 1059 possunt
635 1004 660 1056 ;
718 985 801 1046 et
832 974 1027 1048 inter
1060 975 1220 1049 illas
1253 986 1496 1049 rectas
1530 974 1842 1049 inveniri
1875 985 2121 1072 potest
2164 976 2406 1050 media

245 1086 907 1177 proportionalis,
960 1089 1166 1184 cujus
1213 1088 1655 1185 quadratum
1689 1089 1829 1162 erit
1868 1089 2023 1186 ipse
2057 1113 2404 1163 numerus

259 1199 441 1267 128.

365 1306 480 1381 Β.
543 1310 819 1382 Etiam
854 1311 1025 1390 hinc
1061 1312 1373 1409 intelligi
1406 1324 1654 1410 potest
1685 1314 2143 1410 problemata
2178 1339 2397 1412 quan·

256 1441 509 1513 quam
545 1422 1057 1515 arithmetica,
1084 1451 1246 1522 quae
1275 1427 1433 1500 sine
1470 1451 1612 1524 ope
1636 1428 2061 1523 geometriae
2089 1429 2401 1503 inveniri

260 1547 626 1626 possunt
664 1560 799 1632 per
833 1537 1228 1633 algebram,
1264 1539 1467 1612 nulla
1500 1563 1682 1613 esse.

372 1646 489 1719 A.
552 1648 684 1720 Ne
718 1648 935 1721 crede
982 1649 1212 1747 igitur
1243 1651 1553 1723 nimium
1587 1664 1756 1748 post
1788 1651 1947 1725 haec
1980 1653 2403 1748 vaniloquio

266 1759 834 1852 professorum.
969 1762 1115 1835 Sed
1174 1763 1355 1858 quid
1409 1787 1657 1860 quaeso
1712 1764 1789 1835 in
1842 1765 2403 1839 ratiocinatione

273 1869 430 1944 hac
482 1874 868 1962 observa8‚
914 1885 1216 1970 propter
1262 1875 1462 1972 quod
1510 1875 1823 1949 dicenda
1867 1876 1960 1950 sit
1996 1875 2336 1972 analysis
2359 1882 2403 1950 2

281 1984 413 2058 An
453 2012 638 2060 cum
666 1997 969 2060 ventum
1004 2001 1199 2062 esset
1229 1988 1328 2062 ad
1361 1989 1892 2085 analogismum
1920 1990 2142 2078 hunc,
2181 1996 2319 2063 16÷
2340 1990 2400 2061 A

290 2137 312 2180 τ
346 2098 599 2192 «ΕΒ
632 2143 694 2187 2:
728 2129 788 2194 d
809 2102 955 2191 Ἰἶὲ
990 2143 1007 2188 t
1038 2116 1127 2204 A,
1162 2116 1549 2189 aberamus
1599 2115 1890 2211 longius
1926 2140 1971 2189 a
2002 2114 2402 2213 principiiS,

294 2250 535 2322 quam
599 2253 769 2302 cum
825 2230 1375 2304 accessissemus
1429 2228 1525 2302 ad
1583 2251 1793 2325 prop.
1849 2237 1970 2319 36,
2032 2228 2262 2302 Elem.
2298 2227 2400 2301 iii.

298 2340 666 2416 Euclidis.

413 2455 514 2528 B.
571 2456 920 2551 Agnosco
955 2454 1076 2528 hic
1111 2452 1405 2551 quidem
1443 2476 1736 2525 cursum
1772 2452 2136 2549 quendam
2172 2463 2248 2526 et
2290 2477 2403 2527 re-

307 2592 611 2642 cursum
645 2571 841 2643 inter
875 2568 1371 2667 aequalitatem
1415 2567 2012 2663 rectangulorum
2046 2579 2122 2641 et
2155 2592 2397 2665 aequa·

307 2680 600 2756 litatem
632 2684 1055 2769 rationum;
1109 2681 1241 2755 sed
1292 2693 1459 2755 utra
1510 2681 1773 2754 harum
1826 2680 2110 2753 viarum
2169 2682 2400 2777 magis

311 2795 578 2868 tendat
611 2796 708 2869 ad
740 2796 1122 2892 principia,
1154 2803 1476 2866 statuere
1511 2792 1838 2865 nondum
1866 2815 2188 2888 possum.
2255 2791 2403 2865 Sed

314 2908 875 3005 progrediamur
907 2908 1002 2981 ad
1042 2907 1285 3003 Caput
1330 2904 1868 2978 duodecimum.

411 3020 506 3095 A.
565 3021 834 3117 Capita
881 3020 1165 3117 reliqua
1206 3018 1446 3091 minus
1499 3018 1808 3091 molesta
1853 3029 2096 3090 erunt.
2206 3017 2400 3091 Nam

318 3158 478 3229 quae
513 3135 593 3207 in
629 3134 772 3207 illis
806 3146 1012 3206 recta
1045 3142 1241 3220 sunt,
1278 3142 1361 3204 ut
1404 3140 1579 3203 sunt
1610 3130 1948 3226 plurima,
2003 3130 2182 3203 trita
2228 3142 2402 3203 sunt

318 3259 391 3320 et
424 3246 632 3320 edita
663 3247 742 3318 in
777 3246 1116 3319 omnibus
1150 3244 1302 3317 fere
1344 3243 1547 3316 libris
1597 3243 2098 3335 arithmeticiS,
2135 3254 2403 3340 praeter

316 3360 751 3457 algebraica‚
794 3383 959 3456 quae
1001 3382 1092 3431 ex
1127 3356 1540 3453 Oughtredi
1583 3354 1812 3429 Clave
1831 3355 2399 3447 Mathematica,

315 3475 440 3547 ubi
475 3473 712 3546 multo
744 3472 1038 3545 brevius
1074 3483 1152 3544 et
1191 3469 1514 3565 apertius
1562 3467 1980 3558 traduntur,
2020 3468 2405 3566 desumpta

315 3599 509 3663 sunt.
613 3588 724 3660 Ea
775 3610 951 3659 vero
1012 3609 1177 3682 quae
1233 3582 1545 3656 Wallisii
1608 3582 1908 3678 propria
1969 3592 2164 3670 sunt,
2220 3581 2404 3655 falsa

317 3714 508 3775 sunt.
618 3700 708 3773 Id
760 3699 957 3796 quod
1018 3699 1240 3771 habet
1298 3696 1432 3768 sub
1494 3694 1787 3768 initium
1843 3695 2061 3790 hujus
2118 3694 2401 3790 capitiS‚

317 3839 580 3912 nempe
624 3813 785 3887 haec
820 3813 1065 3901 verba,
1114 3819 1282 3883 sunt
1332 3818 1578 3881 autem
1599 3807 2042 3904 fractiones
2092 3831 2225 3881 seu
2275 3832 2403 3880 mc-

319 3930 503 4002 meri
526 3928 793 4025 fracti
837 3952 974 4000 non
1023 3936 1174 3998 tam
1219 3922 1496 3996 numeri
1540 3946 1759 4019 quam
1808 3920 2119 3993 unitati-s·
2150 3919 2401 4016 frag-

320 4053 578 4132 menta,
636 4064 851 4114 suum
910 4051 1046 4128 est,
1110 4037 1448 4132 idemque
1516 4034 1777 4108 falsum
1843 4044 1917 4106 et
1977 4031 2399 4106 absurdum.

319 4155 511 4228 Nam
548 4179 637 4227 eo
666 4153 827 4249 ipso
863 4151 1062 4248 quod
1086 4150 1545 4247 fragmenta
1583 4158 1777 4234 sunt,
1789 4145 2404 4243 fragmentorum

320 4291 658 4341 numerus
728 4277 919 4338 sunt.
1051 4263 1312 4358 Neque
1381 4261 1576 4334 enim
1646 4258 1834 4332 ratio
1918 4258 2070 4331 ulla
2135 4253 2403 4329 adduci

318 4393 558 4476 potest
637 4402 865 4474 quare
937 4376 1197 4465 unciae,
1268 4384 1666 4461 sextanteS‚
1734 4371 2063 4460 trientes,
2132 4368 2403 4456 besses,
