<?xml version="1.0" encoding="UTF-8"?>
<!DOCTYPE html PUBLIC "-//W3C//DTD XHTML 1.0 Transitional//EN"
    "http://www.w3.org/TR/xhtml1/DTD/xhtml1-transitional.dtd">
<html xmlns="http://www.w3.org/1999/xhtml" xml:lang="en" lang="en">
 <head>
  <title>
</title>
<meta http-equiv="Content-Type" content="text/html;charset=utf-8" />
  <meta name='ocr-system' content='tesseract 3.04.00' />
  <meta name='ocr-capabilities' content='ocr_page ocr_carea ocr_par ocr_line ocrx_word'/>
</head>
<body>
  <div class='ocr_page' id='page_1' title='image "./thomhobbesmalme02molegoog_0468.png"; bbox 0 0 3094 5125; ppageno 0'>
   <div class='ocr_carea' id='block_1_1' title="bbox 712 500 2519 568">
    <p class='ocr_par' dir='ltr' id='par_1_1' title="bbox 712 500 2519 568">
     <span class='ocr_line' id='line_1_1' title="bbox 712 500 2519 568; baseline 0.002 -4"><span class='ocrx_word' id='word_1_1' title='bbox 712 500 862 565; x_wconf 83' lang='lat'>456</span> <span class='ocrx_word' id='word_1_2' title='bbox 990 514 1100 566; x_wconf 74' lang='lat' dir='ltr'>nn</span> <span class='ocrx_word' id='word_1_3' title='bbox 1142 514 1606 568; x_wconf 71' lang='lat' dir='ltr'>PmNcn’ns</span> <span class='ocrx_word' id='word_1_4' title='bbox 1647 515 1749 567; x_wconf 73' lang='grc' dir='ltr'>Εἰ·</span> <span class='ocrx_word' id='word_1_5' title='bbox 1786 514 2519 568; x_wconf 72' lang='lat' dir='ltr'>RA‘noclNA‘rioNss</span> 
     </span>
    </p>
   </div>
   <div class='ocr_carea' id='block_1_2' title="bbox 314 682 2848 779">
    <p class='ocr_par' dir='ltr' id='par_1_2' title="bbox 314 682 2848 779">
     <span class='ocr_line' id='line_1_2' title="bbox 314 682 2848 779; baseline 0.004 -32"><span class='ocrx_word' id='word_1_6' title='bbox 314 705 451 747; x_wconf 65' lang='lat' dir='ltr'>cu».</span> <span class='ocrx_word' id='word_1_7' title='bbox 474 706 655 747; x_wconf 82' lang='lat' dir='ltr'>xxm.</span> <span class='ocrx_word' id='word_1_8' title='bbox 709 705 843 778; x_wconf 89' lang='lat' dir='ltr'>per</span> <span class='ocrx_word' id='word_1_9' title='bbox 906 694 1265 778; x_wconf 91' lang='lat' dir='ltr'>punctum</span> <span class='ocrx_word' id='word_1_10' title='bbox 1322 683 1399 756; x_wconf 90' lang='lat' dir='ltr'>P.</span> <span class='ocrx_word' id='word_1_11' title='bbox 1519 682 1737 757; x_wconf 87' lang='lat' dir='ltr'><strong>Unde</strong></span> <span class='ocrx_word' id='word_1_12' title='bbox 1794 682 2079 779; x_wconf 86' lang='lat' dir='ltr'>judicio</span> <span class='ocrx_word' id='word_1_13' title='bbox 2146 707 2516 771; x_wconf 88' lang='lat' dir='ltr'>sensnum,</span> <span class='ocrx_word' id='word_1_14' title='bbox 2578 683 2848 757; x_wconf 83' lang='lat' dir='ltr'>tertia</span> 
     </span>
    </p>
   </div>
   <div class='ocr_carea' id='block_1_3' title="bbox 283 776 686 953">
    <p class='ocr_par' dir='ltr' id='par_1_3' title="bbox 283 776 686 942">
     <span class='ocr_line' id='line_1_3' title="bbox 345 776 628 809; baseline 0.004 -11"><span class='ocrx_word' id='word_1_15' title='bbox 345 776 628 809; x_wconf 45' lang='lat' dir='ltr'>Q--r—-ae</span> 
     </span>
     <span class='ocr_line' id='line_1_4' title="bbox 284 831 617 890; baseline 0.003 -15"><span class='ocrx_word' id='word_1_16' title='bbox 284 831 357 875; x_wconf 71' lang='lat' dir='ltr'>Do</span> <span class='ocrx_word' id='word_1_17' title='bbox 373 834 617 890; x_wconf 75' lang='lat' dir='ltr'>quantitate</span> 
     </span>
     <span class='ocr_line' id='line_1_5' title="bbox 283 899 686 953; baseline 0.005 -13"><span class='ocrx_word' id='word_1_18' title='bbox 283 903 416 941; x_wconf 61' lang='grc' dir='ltr'>ηοω</span> <span class='ocrx_word' id='word_1_19' title='bbox 437 912 532 941; x_wconf 84' lang='lat' dir='ltr'>com</span> <span class='ocrx_word' id='word_1_20' title='bbox 534 899 686 953; x_wconf 72' lang='lat' dir='ltr'>›ositae</span> 
     </span>
    </p>
   </div>
   <div class='ocr_carea' id='block_1_4' title="bbox 709 796 2838 894">
    <p class='ocr_par' dir='ltr' id='par_1_4' title="bbox 709 796 2838 894">
     <span class='ocr_line' id='line_1_6' title="bbox 709 796 2838 894; baseline 0.001 -25"><span class='ocrx_word' id='word_1_21' title='bbox 709 820 881 892; x_wconf 90' lang='lat' dir='ltr'>pars</span> <span class='ocrx_word' id='word_1_22' title='bbox 913 808 1136 869; x_wconf 85' lang='lat' dir='ltr'>rectae</span> <span class='ocrx_word' id='word_1_23' title='bbox 1172 796 1294 870; x_wconf 93' lang='lat' dir='ltr'>BP</span> <span class='ocrx_word' id='word_1_24' title='bbox 1326 797 1624 892; x_wconf 85' lang='lat' dir='ltr'>aequalis</span> <span class='ocrx_word' id='word_1_25' title='bbox 1656 797 1799 870; x_wconf 91' lang='lat' dir='ltr'>erit</span> <span class='ocrx_word' id='word_1_26' title='bbox 1840 797 2084 871; x_wconf 86' lang='lat' dir='ltr'>tertiae</span> <span class='ocrx_word' id='word_1_27' title='bbox 2116 798 2311 894; x_wconf 91' lang='lat' dir='ltr'>parti</span> <span class='ocrx_word' id='word_1_28' title='bbox 2343 807 2572 870; x_wconf 86' lang='lat' dir='ltr'>rectae</span> <span class='ocrx_word' id='word_1_29' title='bbox 2614 797 2791 870; x_wconf 91' lang='grc' dir='ltr'>ΒΜ</span> <span class='ocrx_word' id='word_1_30' title='bbox 2813 826 2838 871; x_wconf 88' lang='lat'>:</span> 
     </span>
    </p>
   </div>
   <div class='ocr_carea' id='block_1_5' title="bbox 282 909 2196 1016">
    <p class='ocr_par' dir='ltr' id='par_1_5' title="bbox 282 909 2196 1016">
     <span class='ocr_line' id='line_1_7' title="bbox 282 909 2196 1016; baseline -0.004 -28"><span class='ocrx_word' id='word_1_31' title='bbox 282 975 339 1009; x_wconf 57' lang='lat' dir='ltr'>„x</span> <span class='ocrx_word' id='word_1_32' title='bbox 368 963 491 1007; x_wconf 58' lang='lat' dir='ltr'><strong>„dio</strong></span> <span class='ocrx_word' id='word_1_33' title='bbox 520 941 696 1016; x_wconf 46' lang='lat' dir='ltr'>,mun</span> <span class='ocrx_word' id='word_1_34' title='bbox 712 921 787 983; x_wconf 90' lang='lat' dir='ltr'>et</span> <span class='ocrx_word' id='word_1_35' title='bbox 818 909 1127 1005; x_wconf 84' lang='lat' dir='ltr'>proinde</span> <span class='ocrx_word' id='word_1_36' title='bbox 1162 920 1321 983; x_wconf 90' lang='lat' dir='ltr'>tota</span> <span class='ocrx_word' id='word_1_37' title='bbox 1357 910 1479 983; x_wconf 92' lang='lat' dir='ltr'>BP</span> <span class='ocrx_word' id='word_1_38' title='bbox 1510 910 1813 1006; x_wconf 87' lang='lat' dir='ltr'>aequalis</span> <span class='ocrx_word' id='word_1_39' title='bbox 1846 909 1990 983; x_wconf 91' lang='lat' dir='ltr'>toti</span> <span class='ocrx_word' id='word_1_40' title='bbox 2026 909 2196 982; x_wconf 90' lang='grc' dir='ltr'>ΒΜ.</span> 
     </span>
    </p>
   </div>
   <div class='ocr_carea' id='block_1_6' title="bbox 284 1032 370 1070">
    <p class='ocr_par' dir='ltr' id='par_1_6' title="bbox 284 1032 370 1070">
     <span class='ocr_line' id='line_1_8' title="bbox 284 1032 370 1070; baseline 0 0"><span class='ocrx_word' id='word_1_41' title='bbox 284 1032 370 1070; x_wconf 74' lang='lat' dir='ltr'>etc.</span> 
     </span>
    </p>
   </div>
   <div class='ocr_carea' id='block_1_7' title="bbox 703 1021 2829 4515">
    <p class='ocr_par' dir='ltr' id='par_1_7' title="bbox 703 1021 2829 1448">
     <span class='ocr_line' id='line_1_9' title="bbox 811 1021 2829 1120; baseline 0.001 -25.039"><span class='ocrx_word' id='word_1_42' title='bbox 811 1022 1033 1096; x_wconf 88' lang='lat' dir='ltr'>“Sed</span> <span class='ocrx_word' id='word_1_43' title='bbox 1064 1022 1295 1112; x_wconf 51' lang='lat' dir='ltr'>haecss&#39;</span> <span class='ocrx_word' id='word_1_44' title='bbox 1333 1023 1698 1120; x_wconf 86' lang='lat' dir='ltr'>inquies,‘</span> <span class='ocrx_word' id='word_1_45' title='bbox 1703 1028 1901 1096; x_wconf 87' lang='lat' dir='ltr'>‘non</span> <span class='ocrx_word' id='word_1_46' title='bbox 1944 1045 2290 1096; x_wconf 91' lang='lat' dir='ltr'>sensuum</span> <span class='ocrx_word' id='word_1_47' title='bbox 2325 1021 2454 1095; x_wconf 91' lang='lat' dir='ltr'>sed</span> <span class='ocrx_word' id='word_1_48' title='bbox 2488 1021 2829 1096; x_wconf 86' lang='lat' dir='ltr'>rationis</span> 
     </span>
     <span class='ocr_line' id='line_1_10' title="bbox 703 1133 2824 1231; baseline 0 -24"><span class='ocrx_word' id='word_1_49' title='bbox 703 1134 982 1231; x_wconf 85' lang='lat' dir='ltr'>judicio</span> <span class='ocrx_word' id='word_1_50' title='bbox 1035 1133 1595 1209; x_wconf 89' lang='lat' dir='ltr'>determinanda</span> <span class='ocrx_word' id='word_1_51' title='bbox 1647 1136 1889 1209; x_wconf 88' lang='lat' dir='ltr'>sunt.”</span> <span class='ocrx_word' id='word_1_52' title='bbox 1994 1135 2226 1209; x_wconf 85' lang='lat' dir='ltr'>Recte</span> <span class='ocrx_word' id='word_1_53' title='bbox 2263 1135 2494 1208; x_wconf 85' lang='lat' dir='ltr'>dicis.</span> <span class='ocrx_word' id='word_1_54' title='bbox 2545 1136 2824 1231; x_wconf 85' lang='lat' dir='ltr'>itaque</span> 
     </span>
     <span class='ocr_line' id='line_1_11' title="bbox 707 1247 2824 1346; baseline 0 -25"><span class='ocrx_word' id='word_1_55' title='bbox 707 1272 804 1321; x_wconf 92' lang='lat' dir='ltr'>ne</span> <span class='ocrx_word' id='word_1_56' title='bbox 863 1247 1118 1321; x_wconf 88' lang='lat' dir='ltr'>videar</span> <span class='ocrx_word' id='word_1_57' title='bbox 1177 1249 1644 1322; x_wconf 88' lang='lat' dir='ltr'>severitatem</span> <span class='ocrx_word' id='word_1_58' title='bbox 1706 1248 2254 1343; x_wconf 86' lang='lat' dir='ltr'>disciplinarum</span> <span class='ocrx_word' id='word_1_59' title='bbox 2323 1271 2824 1346; x_wconf 81' lang='lat' dir='ltr'>corrumpere</span> 
     </span>
     <span class='ocr_line' id='line_1_12' title="bbox 706 1360 2141 1448; baseline -0.001 -14"><span class='ocrx_word' id='word_1_60' title='bbox 706 1360 918 1448; x_wconf 84' lang='lat' dir='ltr'>velle,</span> <span class='ocrx_word' id='word_1_61' title='bbox 956 1361 1387 1434; x_wconf 84' lang='lat' dir='ltr'><strong>conabimur</strong></span> <span class='ocrx_word' id='word_1_62' title='bbox 1422 1384 1581 1434; x_wconf 90' lang='lat' dir='ltr'>rem</span> <span class='ocrx_word' id='word_1_63' title='bbox 1617 1361 2141 1436; x_wconf 89' lang='lat' dir='ltr'>demonstrare.</span> 
     </span>
    </p>

    <p class='ocr_par' dir='ltr' id='par_1_8' title="bbox 705 1473 2818 2114">
     <span class='ocr_line' id='line_1_13' title="bbox 809 1473 2818 1571; baseline 0.001 -24"><span class='ocrx_word' id='word_1_64' title='bbox 809 1474 897 1547; x_wconf 94' lang='lat' dir='ltr'>In</span> <span class='ocrx_word' id='word_1_65' title='bbox 958 1473 1240 1548; x_wconf 90' lang='lat' dir='ltr'>duobus</span> <span class='ocrx_word' id='word_1_66' title='bbox 1298 1475 1685 1571; x_wconf 83' lang='lat' dir='ltr'>triangulis</span> <span class='ocrx_word' id='word_1_67' title='bbox 1746 1475 2127 1564; x_wconf 90' lang='lat' dir='ltr'>similibus,</span> <span class='ocrx_word' id='word_1_68' title='bbox 2185 1476 2246 1548; x_wconf 92' lang='lat' dir='ltr'>si</span> <span class='ocrx_word' id='word_1_69' title='bbox 2306 1475 2502 1548; x_wconf 89' lang='lat' dir='ltr'>latus</span> <span class='ocrx_word' id='word_1_70' title='bbox 2564 1498 2818 1549; x_wconf 90' lang='lat' dir='ltr'>unum</span> 
     </span>
     <span class='ocr_line' id='line_1_14' title="bbox 705 1586 2812 1685; baseline 0 -25"><span class='ocrx_word' id='word_1_71' title='bbox 705 1586 928 1684; x_wconf 92' lang='lat' dir='ltr'>primi</span> <span class='ocrx_word' id='word_1_72' title='bbox 960 1590 1196 1685; x_wconf 87' lang='lat' dir='ltr'>majus</span> <span class='ocrx_word' id='word_1_73' title='bbox 1239 1588 1354 1661; x_wconf 89' lang='lat' dir='ltr'>vel</span> <span class='ocrx_word' id='word_1_74' title='bbox 1406 1590 1648 1663; x_wconf 87' lang='lat' dir='ltr'>minus</span> <span class='ocrx_word' id='word_1_75' title='bbox 1702 1589 1930 1662; x_wconf 85' lang='lat' dir='ltr'>fuerit</span> <span class='ocrx_word' id='word_1_76' title='bbox 1976 1613 2199 1685; x_wconf 92' lang='lat' dir='ltr'>quam</span> <span class='ocrx_word' id='word_1_77' title='bbox 2234 1588 2427 1661; x_wconf 88' lang='lat' dir='ltr'>latus</span> <span class='ocrx_word' id='word_1_78' title='bbox 2462 1588 2812 1661; x_wconf 88' lang='lat' dir='ltr'>homolo-</span> 
     </span>
     <span class='ocr_line' id='line_1_15' title="bbox 708 1700 2806 1798; baseline 0 -24"><span class='ocrx_word' id='word_1_79' title='bbox 708 1726 885 1796; x_wconf 90' lang='lat' dir='ltr'>gum</span> <span class='ocrx_word' id='word_1_80' title='bbox 954 1700 1281 1790; x_wconf 91' lang='lat' dir='ltr'>secundi,</span> <span class='ocrx_word' id='word_1_81' title='bbox 1338 1701 1562 1775; x_wconf 91' lang='lat' dir='ltr'>etiam</span> <span class='ocrx_word' id='word_1_82' title='bbox 1622 1702 1906 1798; x_wconf 89' lang='lat' dir='ltr'>reliqna</span> <span class='ocrx_word' id='word_1_83' title='bbox 1966 1702 2112 1775; x_wconf 92' lang='lat' dir='ltr'>duo</span> <span class='ocrx_word' id='word_1_84' title='bbox 2163 1702 2398 1774; x_wconf 90' lang='lat' dir='ltr'>latera</span> <span class='ocrx_word' id='word_1_85' title='bbox 2465 1701 2806 1796; x_wconf 89' lang='lat' dir='ltr'>ejusdem</span> 
     </span>
     <span class='ocr_line' id='line_1_16' title="bbox 706 1814 2808 1910; baseline 0 -23"><span class='ocrx_word' id='word_1_86' title='bbox 706 1816 926 1910; x_wconf 89' lang='lat' dir='ltr'>primi</span> <span class='ocrx_word' id='word_1_87' title='bbox 962 1815 1243 1909; x_wconf 90' lang='lat' dir='ltr'>majora</span> <span class='ocrx_word' id='word_1_88' title='bbox 1274 1814 1391 1887; x_wconf 83' lang='lat' dir='ltr'>vel</span> <span class='ocrx_word' id='word_1_89' title='bbox 1426 1814 1714 1887; x_wconf 92' lang='lat' dir='ltr'>minora</span> <span class='ocrx_word' id='word_1_90' title='bbox 1771 1827 1990 1888; x_wconf 89' lang='lat' dir='ltr'>erunt</span> <span class='ocrx_word' id='word_1_91' title='bbox 2039 1814 2335 1910; x_wconf 91' lang='lat' dir='ltr'>reliquis</span> <span class='ocrx_word' id='word_1_92' title='bbox 2385 1814 2808 1910; x_wconf 88' lang='lat' dir='ltr'>homologis</span> 
     </span>
     <span class='ocr_line' id='line_1_17' title="bbox 707 1926 2808 2024; baseline -0 -23"><span class='ocrx_word' id='word_1_93' title='bbox 707 1928 1008 2001; x_wconf 90' lang='lat' dir='ltr'>secundi</span> <span class='ocrx_word' id='word_1_94' title='bbox 1042 1939 1436 2024; x_wconf 90' lang='lat' dir='ltr'>utrumque</span> <span class='ocrx_word' id='word_1_95' title='bbox 1472 1939 1809 2023; x_wconf 90' lang='lat' dir='ltr'>utroque.</span> <span class='ocrx_word' id='word_1_96' title='bbox 1914 1927 2004 2001; x_wconf 92' lang='lat' dir='ltr'>Id</span> <span class='ocrx_word' id='word_1_97' title='bbox 2054 1926 2251 2023; x_wconf 89' lang='lat' dir='ltr'>quod</span> <span class='ocrx_word' id='word_1_98' title='bbox 2297 1949 2431 2022; x_wconf 90' lang='lat' dir='ltr'>per</span> <span class='ocrx_word' id='word_1_99' title='bbox 2482 1950 2559 1999; x_wconf 91' lang='lat' dir='ltr'>se</span> <span class='ocrx_word' id='word_1_100' title='bbox 2612 1928 2808 2001; x_wconf 83' lang='lat' dir='ltr'>satis</span> 
     </span>
     <span class='ocr_line' id='line_1_18' title="bbox 708 2041 1346 2114; baseline -0.002 0"><span class='ocrx_word' id='word_1_101' title='bbox 708 2041 1174 2114; x_wconf 89' lang='lat' dir='ltr'>manifestum</span> <span class='ocrx_word' id='word_1_102' title='bbox 1210 2052 1346 2113; x_wconf 89' lang='lat' dir='ltr'>est.</span> 
     </span>
    </p>

    <p class='ocr_par' dir='ltr' id='par_1_9' title="bbox 703 2151 2797 4515">
     <span class='ocr_line' id='line_1_19' title="bbox 716 2151 2797 2251; baseline -0.001 -23"><span class='ocrx_word' id='word_1_103' title='bbox 716 2210 721 2215; x_wconf 85' lang='lat'>-</span> <span class='ocrx_word' id='word_1_104' title='bbox 811 2155 1178 2229; x_wconf 76' lang='lat' dir='ltr'><strong>Quoniam</strong></span> <span class='ocrx_word' id='word_1_105' title='bbox 1204 2167 1320 2227; x_wconf 87' lang='lat' dir='ltr'>est</span> <span class='ocrx_word' id='word_1_106' title='bbox 1353 2154 1428 2227; x_wconf 95' lang='lat' dir='ltr'>in</span> <span class='ocrx_word' id='word_1_107' title='bbox 1464 2154 1852 2251; x_wconf 84' lang='lat' dir='ltr'>triangulis</span> <span class='ocrx_word' id='word_1_108' title='bbox 1888 2153 2246 2227; x_wconf 87' lang='lat' dir='ltr'>similibus</span> <span class='ocrx_word' id='word_1_109' title='bbox 2276 2153 2523 2240; x_wconf 76' lang='lat' dir='ltr'><strong>BQM,</strong></span> <span class='ocrx_word' id='word_1_110' title='bbox 2548 2151 2797 2242; x_wconf 90' lang='grc' dir='ltr'><strong>ΒΜΟ,</strong></span> 
     </span>
     <span class='ocr_line' id='line_1_20' title="bbox 704 2264 2796 2356; baseline -0.001 -16"><span class='ocrx_word' id='word_1_111' title='bbox 704 2280 792 2340; x_wconf 90' lang='lat' dir='ltr'>ut</span> <span class='ocrx_word' id='word_1_112' title='bbox 828 2268 966 2342; x_wconf 76' lang='lat' dir='ltr'>BQ</span> <span class='ocrx_word' id='word_1_113' title='bbox 997 2266 1095 2340; x_wconf 90' lang='lat' dir='ltr'>ad</span> <span class='ocrx_word' id='word_1_114' title='bbox 1131 2267 1302 2355; x_wconf 90' lang='grc' dir='ltr'>ΒΜ,</span> <span class='ocrx_word' id='word_1_115' title='bbox 1332 2268 1438 2340; x_wconf 90' lang='lat' dir='ltr'>ita</span> <span class='ocrx_word' id='word_1_116' title='bbox 1474 2267 1620 2341; x_wconf 94' lang='grc' dir='ltr'>ΒΜ</span> <span class='ocrx_word' id='word_1_117' title='bbox 1658 2267 1755 2341; x_wconf 92' lang='lat' dir='ltr'>ad</span> <span class='ocrx_word' id='word_1_118' title='bbox 1778 2267 1931 2356; x_wconf 89' lang='grc' dir='ltr'>ΒΟ,</span> <span class='ocrx_word' id='word_1_119' title='bbox 1962 2279 2178 2340; x_wconf 87' lang='lat' dir='ltr'>erunt</span> <span class='ocrx_word' id='word_1_120' title='bbox 2215 2266 2374 2353; x_wconf 75' lang='lat' dir='ltr'>BQ,</span> <span class='ocrx_word' id='word_1_121' title='bbox 2404 2264 2481 2337; x_wconf 92' lang='lat' dir='ltr'>id</span> <span class='ocrx_word' id='word_1_122' title='bbox 2517 2276 2628 2338; x_wconf 89' lang='lat' dir='ltr'>est</span> <span class='ocrx_word' id='word_1_123' title='bbox 2664 2264 2796 2351; x_wconf 88' lang='lat' dir='ltr'>Be,</span> 
     </span>
     <span class='ocr_line' id='line_1_21' title="bbox 708 2379 2796 2478; baseline -0.001 -24"><span class='ocrx_word' id='word_1_124' title='bbox 708 2382 880 2469; x_wconf 91' lang='grc' dir='ltr'>ΒΜ,</span> <span class='ocrx_word' id='word_1_125' title='bbox 920 2381 1048 2455; x_wconf 91' lang='grc' dir='ltr'>ΒΟ</span> <span class='ocrx_word' id='word_1_126' title='bbox 1098 2380 1445 2454; x_wconf 86' lang='lat' dir='ltr'>continue</span> <span class='ocrx_word' id='word_1_127' title='bbox 1499 2381 2137 2478; x_wconf 83' lang='lat' dir='ltr'>proportionales:</span> <span class='ocrx_word' id='word_1_128' title='bbox 2192 2389 2266 2452; x_wconf 94' lang='lat' dir='ltr'>et</span> <span class='ocrx_word' id='word_1_129' title='bbox 2315 2379 2507 2451; x_wconf 91' lang='lat' dir='ltr'>ratio</span> <span class='ocrx_word' id='word_1_130' title='bbox 2545 2379 2647 2450; x_wconf 86' lang='lat' dir='ltr'>Be</span> <span class='ocrx_word' id='word_1_131' title='bbox 2695 2379 2796 2452; x_wconf 92' lang='lat' dir='ltr'>ad</span> 
     </span>
     <span class='ocr_line' id='line_1_22' title="bbox 709 2490 2789 2592; baseline -0.002 -23"><span class='ocrx_word' id='word_1_132' title='bbox 709 2495 839 2569; x_wconf 91' lang='grc' dir='ltr'>ΒΟ</span> <span class='ocrx_word' id='word_1_133' title='bbox 879 2494 1253 2592; x_wconf 89' lang='lat' dir='ltr'>duplicata</span> <span class='ocrx_word' id='word_1_134' title='bbox 1305 2495 1613 2568; x_wconf 89' lang='lat' dir='ltr'>rationis</span> <span class='ocrx_word' id='word_1_135' title='bbox 1669 2496 1774 2569; x_wconf 84' lang='lat' dir='ltr'>Be</span> <span class='ocrx_word' id='word_1_136' title='bbox 1814 2494 1909 2568; x_wconf 89' lang='lat' dir='ltr'>ad</span> <span class='ocrx_word' id='word_1_137' title='bbox 1946 2493 2119 2584; x_wconf 92' lang='grc' dir='ltr'>ΒΜ,</span> <span class='ocrx_word' id='word_1_138' title='bbox 2155 2494 2273 2567; x_wconf 88' lang='lat' dir='ltr'>vel</span> <span class='ocrx_word' id='word_1_139' title='bbox 2320 2492 2465 2566; x_wconf 93' lang='grc' dir='ltr'>ΒΜ</span> <span class='ocrx_word' id='word_1_140' title='bbox 2501 2490 2598 2565; x_wconf 89' lang='lat' dir='ltr'>ad</span> <span class='ocrx_word' id='word_1_141' title='bbox 2633 2491 2789 2565; x_wconf 92' lang='grc' dir='ltr'>ΒΟ.</span> 
     </span>
     <span class='ocr_line' id='line_1_23' title="bbox 709 2607 2787 2695; baseline -0.002 -13"><span class='ocrx_word' id='word_1_142' title='bbox 709 2608 857 2682; x_wconf 89' lang='lat' dir='ltr'>Sed</span> <span class='ocrx_word' id='word_1_143' title='bbox 889 2622 974 2681; x_wconf 91' lang='lat' dir='ltr'>ut</span> <span class='ocrx_word' id='word_1_144' title='bbox 1010 2609 1116 2681; x_wconf 84' lang='lat' dir='ltr'>Be</span> <span class='ocrx_word' id='word_1_145' title='bbox 1152 2608 1246 2681; x_wconf 90' lang='lat' dir='ltr'>ad</span> <span class='ocrx_word' id='word_1_146' title='bbox 1285 2608 1455 2695; x_wconf 89' lang='grc' dir='ltr'>ΒΜ,</span> <span class='ocrx_word' id='word_1_147' title='bbox 1494 2610 1598 2682; x_wconf 91' lang='lat' dir='ltr'>ita</span> <span class='ocrx_word' id='word_1_148' title='bbox 1633 2622 1746 2683; x_wconf 87' lang='lat' dir='ltr'>est</span> <span class='ocrx_word' id='word_1_149' title='bbox 1782 2610 1902 2683; x_wconf 92' lang='lat' dir='ltr'>BP</span> <span class='ocrx_word' id='word_1_150' title='bbox 1927 2610 2022 2682; x_wconf 92' lang='lat' dir='ltr'>ad</span> <span class='ocrx_word' id='word_1_151' title='bbox 2052 2609 2211 2683; x_wconf 91' lang='lat' dir='ltr'>BN.</span> <span class='ocrx_word' id='word_1_152' title='bbox 2318 2608 2567 2682; x_wconf 74' lang='lat' dir='ltr'>Quare</span> <span class='ocrx_word' id='word_1_153' title='bbox 2595 2607 2787 2679; x_wconf 90' lang='lat' dir='ltr'>ratio</span> 
     </span>
     <span class='ocr_line' id='line_1_24' title="bbox 708 2719 2788 2814; baseline -0 -22"><span class='ocrx_word' id='word_1_154' title='bbox 708 2721 813 2793; x_wconf 83' lang='lat' dir='ltr'>Be</span> <span class='ocrx_word' id='word_1_155' title='bbox 862 2721 957 2792; x_wconf 90' lang='lat' dir='ltr'>ad</span> <span class='ocrx_word' id='word_1_156' title='bbox 1006 2721 1134 2793; x_wconf 92' lang='grc' dir='ltr'>ΒΟ</span> <span class='ocrx_word' id='word_1_157' title='bbox 1195 2720 1586 2814; x_wconf 87' lang='lat' dir='ltr'>duplicata·</span> <span class='ocrx_word' id='word_1_158' title='bbox 1622 2736 1736 2797; x_wconf 89' lang='lat' dir='ltr'>est</span> <span class='ocrx_word' id='word_1_159' title='bbox 1796 2724 2096 2797; x_wconf 90' lang='lat' dir='ltr'>rationis</span> <span class='ocrx_word' id='word_1_160' title='bbox 2146 2724 2266 2797; x_wconf 92' lang='lat' dir='ltr'>BP</span> <span class='ocrx_word' id='word_1_161' title='bbox 2306 2721 2403 2794; x_wconf 93' lang='lat' dir='ltr'>ad</span> <span class='ocrx_word' id='word_1_162' title='bbox 2456 2719 2616 2794; x_wconf 90' lang='lat' dir='ltr'>BN.</span> <span class='ocrx_word' id='word_1_163' title='bbox 2720 2719 2788 2791; x_wconf 88' lang='lat' dir='ltr'>A</span> 
     </span>
     <span class='ocr_line' id='line_1_25' title="bbox 705 2833 2788 2932; baseline 0 -28"><span class='ocrx_word' id='word_1_164' title='bbox 705 2843 984 2928; x_wconf 89' lang='lat' dir='ltr'>puncto</span> <span class='ocrx_word' id='word_1_165' title='bbox 1027 2833 1083 2905; x_wconf 91' lang='lat' dir='ltr'>P</span> <span class='ocrx_word' id='word_1_166' title='bbox 1136 2833 1462 2928; x_wconf 81' lang='lat' dir='ltr'>erigatur</span> <span class='ocrx_word' id='word_1_167' title='bbox 1510 2835 1608 2908; x_wconf 90' lang='lat' dir='ltr'>ad</span> <span class='ocrx_word' id='word_1_168' title='bbox 1671 2836 1778 2909; x_wconf 84' lang='lat' dir='ltr'>Be</span> <span class='ocrx_word' id='word_1_169' title='bbox 1826 2834 2476 2932; x_wconf 86' lang='lat' dir='ltr'>perpendicularis,</span> <span class='ocrx_word' id='word_1_170' title='bbox 2532 2856 2788 2906; x_wconf 91' lang='lat' dir='ltr'>secans</span> 
     </span>
     <span class='ocr_line' id='line_1_26' title="bbox 708 2944 2783 3043; baseline 0 -26"><span class='ocrx_word' id='word_1_171' title='bbox 708 2945 858 3017; x_wconf 90' lang='grc' dir='ltr'>ΒΜ</span> <span class='ocrx_word' id='word_1_172' title='bbox 911 2944 1348 3041; x_wconf 86' lang='lat' dir='ltr'>productam</span> <span class='ocrx_word' id='word_1_173' title='bbox 1400 2947 1866 3043; x_wconf 86' lang='lat' dir='ltr'>ubicunque:</span> <span class='ocrx_word' id='word_1_174' title='bbox 1920 2971 2085 3043; x_wconf 86' lang='lat' dir='ltr'>quae</span> <span class='ocrx_word' id='word_1_175' title='bbox 2136 2945 2414 3020; x_wconf 85' lang='lat' dir='ltr'>incidet</span> <span class='ocrx_word' id='word_1_176' title='bbox 2445 2946 2560 3018; x_wconf 88' lang='lat' dir='ltr'>vel</span> <span class='ocrx_word' id='word_1_177' title='bbox 2608 2947 2681 3017; x_wconf 93' lang='lat' dir='ltr'>in</span> <span class='ocrx_word' id='word_1_178' title='bbox 2717 2971 2783 3034; x_wconf 85' lang='lat' dir='ltr'>e,</span> 
     </span>
     <span class='ocr_line' id='line_1_27' title="bbox 706 3058 2782 3157; baseline 0 -26"><span class='ocrx_word' id='word_1_179' title='bbox 706 3058 823 3131; x_wconf 89' lang='lat' dir='ltr'>vel</span> <span class='ocrx_word' id='word_1_180' title='bbox 883 3060 1090 3147; x_wconf 89' lang='lat' dir='ltr'>citra,</span> <span class='ocrx_word' id='word_1_181' title='bbox 1135 3060 1251 3133; x_wconf 84' lang='lat' dir='ltr'>vel</span> <span class='ocrx_word' id='word_1_182' title='bbox 1306 3059 1527 3149; x_wconf 86' lang='lat' dir='ltr'>ultra,</span> <span class='ocrx_word' id='word_1_183' title='bbox 1571 3074 1647 3135; x_wconf 90' lang='lat' dir='ltr'>et</span> <span class='ocrx_word' id='word_1_184' title='bbox 1707 3061 2091 3135; x_wconf 87' lang='lat' dir='ltr'>abscindet</span> <span class='ocrx_word' id='word_1_185' title='bbox 2144 3086 2189 3134; x_wconf 90' lang='lat' dir='ltr'>a</span> <span class='ocrx_word' id='word_1_186' title='bbox 2238 3059 2602 3157; x_wconf 87' lang='lat' dir='ltr'>producta</span> <span class='ocrx_word' id='word_1_187' title='bbox 2637 3059 2782 3132; x_wconf 94' lang='grc' dir='ltr'>ΒΜ</span> 
     </span>
     <span class='ocr_line' id='line_1_28' title="bbox 704 3172 2782 3272; baseline -0.001 -27"><span class='ocrx_word' id='word_1_188' title='bbox 704 3173 1079 3267; x_wconf 90' lang='lat' dir='ltr'>majorem,</span> <span class='ocrx_word' id='word_1_189' title='bbox 1115 3174 1233 3246; x_wconf 88' lang='lat' dir='ltr'>vel</span> <span class='ocrx_word' id='word_1_190' title='bbox 1283 3173 1662 3262; x_wconf 88' lang='lat' dir='ltr'>minorem,</span> <span class='ocrx_word' id='word_1_191' title='bbox 1699 3198 1919 3272; x_wconf 91' lang='lat' dir='ltr'>quam</span> <span class='ocrx_word' id='word_1_192' title='bbox 1965 3188 2077 3248; x_wconf 89' lang='lat' dir='ltr'>est</span> <span class='ocrx_word' id='word_1_193' title='bbox 2132 3175 2291 3270; x_wconf 92' lang='lat' dir='ltr'>ipsa</span> <span class='ocrx_word' id='word_1_194' title='bbox 2325 3173 2453 3246; x_wconf 83' lang='lat' dir='ltr'>Be.</span> <span class='ocrx_word' id='word_1_195' title='bbox 2559 3172 2638 3245; x_wconf 91' lang='lat' dir='ltr'>Si</span> <span class='ocrx_word' id='word_1_196' title='bbox 2671 3172 2782 3243; x_wconf 90' lang='lat' dir='ltr'>in-</span> 
     </span>
     <span class='ocr_line' id='line_1_29' title="bbox 707 3284 2780 3383; baseline -0 -25"><span class='ocrx_word' id='word_1_197' title='bbox 707 3285 907 3359; x_wconf 90' lang='lat' dir='ltr'>cidat</span> <span class='ocrx_word' id='word_1_198' title='bbox 942 3288 1016 3359; x_wconf 93' lang='lat' dir='ltr'>in</span> <span class='ocrx_word' id='word_1_199' title='bbox 1052 3289 1286 3382; x_wconf 90' lang='lat' dir='ltr'>ipsum</span> <span class='ocrx_word' id='word_1_200' title='bbox 1316 3302 1674 3383; x_wconf 90' lang='lat' dir='ltr'>punctum</span> <span class='ocrx_word' id='word_1_201' title='bbox 1702 3314 1764 3374; x_wconf 86' lang='lat' dir='ltr'>e,</span> <span class='ocrx_word' id='word_1_202' title='bbox 1789 3301 2008 3362; x_wconf 87' lang='lat' dir='ltr'>erunt</span> <span class='ocrx_word' id='word_1_203' title='bbox 2040 3300 2262 3361; x_wconf 86' lang='lat' dir='ltr'>rectae</span> <span class='ocrx_word' id='word_1_204' title='bbox 2293 3287 2421 3376; x_wconf 83' lang='lat' dir='ltr'>Be,</span> <span class='ocrx_word' id='word_1_205' title='bbox 2449 3286 2592 3373; x_wconf 92' lang='lat' dir='ltr'>BP,</span> <span class='ocrx_word' id='word_1_206' title='bbox 2622 3284 2780 3371; x_wconf 91' lang='grc' dir='ltr'>ΒΝ,</span> 
     </span>
     <span class='ocr_line' id='line_1_30' title="bbox 707 3397 2781 3496; baseline -0.001 -25"><span class='ocrx_word' id='word_1_207' title='bbox 707 3400 1054 3472; x_wconf 90' lang='lat' dir='ltr'>continue</span> <span class='ocrx_word' id='word_1_208' title='bbox 1132 3402 1742 3496; x_wconf 77' lang='lat' dir='ltr'>proportionales,</span> <span class='ocrx_word' id='word_1_209' title='bbox 1873 3402 2004 3476; x_wconf 88' lang='lat' dir='ltr'>Sin</span> <span class='ocrx_word' id='word_1_210' title='bbox 2069 3400 2348 3474; x_wconf 90' lang='lat' dir='ltr'>incidat</span> <span class='ocrx_word' id='word_1_211' title='bbox 2418 3400 2604 3472; x_wconf 89' lang='lat' dir='ltr'>citra</span> <span class='ocrx_word' id='word_1_212' title='bbox 2667 3397 2781 3470; x_wconf 87' lang='lat' dir='ltr'>vel</span> 
     </span>
     <span class='ocr_line' id='line_1_31' title="bbox 704 3510 2780 3611; baseline -0.001 -25"><span class='ocrx_word' id='word_1_213' title='bbox 704 3513 899 3586; x_wconf 90' lang='lat' dir='ltr'>ultra</span> <span class='ocrx_word' id='word_1_214' title='bbox 929 3537 992 3601; x_wconf 83' lang='lat' dir='ltr'>e,</span> <span class='ocrx_word' id='word_1_215' title='bbox 1041 3513 1180 3586; x_wconf 90' lang='lat' dir='ltr'>erit</span> <span class='ocrx_word' id='word_1_216' title='bbox 1231 3514 1421 3587; x_wconf 88' lang='lat' dir='ltr'>ratio</span> <span class='ocrx_word' id='word_1_217' title='bbox 1465 3514 1844 3611; x_wconf 90' lang='lat' dir='ltr'>cujusdam</span> <span class='ocrx_word' id='word_1_218' title='bbox 1897 3525 2119 3587; x_wconf 85' lang='lat' dir='ltr'>rectae</span> <span class='ocrx_word' id='word_1_219' title='bbox 2165 3512 2462 3608; x_wconf 90' lang='lat' dir='ltr'>majoris</span> <span class='ocrx_word' id='word_1_220' title='bbox 2494 3511 2610 3584; x_wconf 84' lang='lat' dir='ltr'>vel</span> <span class='ocrx_word' id='word_1_221' title='bbox 2643 3510 2780 3583; x_wconf 91' lang='lat' dir='ltr'>mi-</span> 
     </span>
     <span class='ocr_line' id='line_1_32' title="bbox 706 3623 2778 3722; baseline -0.001 -22"><span class='ocrx_word' id='word_1_222' title='bbox 706 3627 905 3700; x_wconf 89' lang='lat' dir='ltr'>noris</span> <span class='ocrx_word' id='word_1_223' title='bbox 942 3650 1160 3721; x_wconf 88' lang='lat' dir='ltr'>quam</span> <span class='ocrx_word' id='word_1_224' title='bbox 1184 3626 1289 3698; x_wconf 85' lang='lat' dir='ltr'>Be</span> <span class='ocrx_word' id='word_1_225' title='bbox 1315 3626 1409 3699; x_wconf 89' lang='lat' dir='ltr'>ad</span> <span class='ocrx_word' id='word_1_226' title='bbox 1438 3628 1580 3716; x_wconf 89' lang='lat' dir='ltr'>BP,</span> <span class='ocrx_word' id='word_1_227' title='bbox 1612 3627 1981 3722; x_wconf 90' lang='lat' dir='ltr'>duplicata</span> <span class='ocrx_word' id='word_1_228' title='bbox 2012 3626 2318 3699; x_wconf 89' lang='lat' dir='ltr'>rationis</span> <span class='ocrx_word' id='word_1_229' title='bbox 2356 3626 2476 3698; x_wconf 94' lang='lat' dir='ltr'>BP</span> <span class='ocrx_word' id='word_1_230' title='bbox 2503 3625 2597 3698; x_wconf 91' lang='lat' dir='ltr'>ad</span> <span class='ocrx_word' id='word_1_231' title='bbox 2622 3623 2778 3711; x_wconf 91' lang='lat' dir='ltr'>BN,</span> 
     </span>
     <span class='ocr_line' id='line_1_33' title="bbox 707 3738 2773 3832; baseline -0.002 -18"><span class='ocrx_word' id='word_1_232' title='bbox 707 3743 860 3814; x_wconf 88' lang='lat' dir='ltr'>sive</span> <span class='ocrx_word' id='word_1_233' title='bbox 910 3739 1056 3814; x_wconf 93' lang='grc' dir='ltr'>ΒΜ</span> <span class='ocrx_word' id='word_1_234' title='bbox 1108 3738 1203 3811; x_wconf 91' lang='lat' dir='ltr'>ad</span> <span class='ocrx_word' id='word_1_235' title='bbox 1258 3739 1409 3813; x_wconf 94' lang='grc' dir='ltr'>ΒΟ.</span> <span class='ocrx_word' id='word_1_236' title='bbox 1517 3741 1737 3816; x_wconf 75' lang='lat' dir='ltr'>Quod</span> <span class='ocrx_word' id='word_1_237' title='bbox 1796 3751 1908 3813; x_wconf 88' lang='lat' dir='ltr'>est</span> <span class='ocrx_word' id='word_1_238' title='bbox 1968 3739 2388 3828; x_wconf 89' lang='lat' dir='ltr'>absurdum,</span> <span class='ocrx_word' id='word_1_239' title='bbox 2430 3763 2600 3812; x_wconf 89' lang='lat' dir='ltr'>cum</span> <span class='ocrx_word' id='word_1_240' title='bbox 2654 3738 2773 3832; x_wconf 86' lang='lat' dir='ltr'>Be,</span> 
     </span>
     <span class='ocr_line' id='line_1_34' title="bbox 708 3852 2774 3950; baseline -0.001 -25"><span class='ocrx_word' id='word_1_241' title='bbox 708 3853 881 3942; x_wconf 91' lang='grc' dir='ltr'>ΒΜ,</span> <span class='ocrx_word' id='word_1_242' title='bbox 921 3852 1073 3941; x_wconf 87' lang='grc' dir='ltr'>ΒΟ,</span> <span class='ocrx_word' id='word_1_243' title='bbox 1110 3853 1259 3926; x_wconf 89' lang='lat' dir='ltr'>sint</span> <span class='ocrx_word' id='word_1_244' title='bbox 1292 3854 1639 3927; x_wconf 90' lang='lat' dir='ltr'>continue</span> <span class='ocrx_word' id='word_1_245' title='bbox 1673 3853 2276 3950; x_wconf 88' lang='lat' dir='ltr'>proportionales.</span> <span class='ocrx_word' id='word_1_246' title='bbox 2383 3854 2570 3926; x_wconf 89' lang='lat' dir='ltr'>Sunt</span> <span class='ocrx_word' id='word_1_247' title='bbox 2607 3875 2774 3947; x_wconf 90' lang='lat' dir='ltr'>ergo</span> 
     </span>
     <span class='ocr_line' id='line_1_35' title="bbox 706 3963 2775 4062; baseline 0 -24"><span class='ocrx_word' id='word_1_248' title='bbox 706 3966 832 4057; x_wconf 85' lang='lat' dir='ltr'>Be,</span> <span class='ocrx_word' id='word_1_249' title='bbox 874 3966 1015 4054; x_wconf 89' lang='lat' dir='ltr'>BP,</span> <span class='ocrx_word' id='word_1_250' title='bbox 1056 3965 1190 4038; x_wconf 95' lang='lat' dir='ltr'>BN</span> <span class='ocrx_word' id='word_1_251' title='bbox 1228 3966 1574 4039; x_wconf 89' lang='lat' dir='ltr'>continue</span> <span class='ocrx_word' id='word_1_252' title='bbox 1627 3965 2235 4062; x_wconf 88' lang='lat' dir='ltr'>proportionales.</span> <span class='ocrx_word' id='word_1_253' title='bbox 2342 3965 2488 4038; x_wconf 93' lang='lat' dir='ltr'>Sed</span> <span class='ocrx_word' id='word_1_254' title='bbox 2524 3977 2609 4037; x_wconf 91' lang='lat' dir='ltr'>ut</span> <span class='ocrx_word' id='word_1_255' title='bbox 2643 3963 2775 4038; x_wconf 78' lang='lat' dir='ltr'>BQ</span> 
     </span>
     <span class='ocr_line' id='line_1_36' title="bbox 703 4076 2774 4168; baseline -0 -17"><span class='ocrx_word' id='word_1_256' title='bbox 703 4077 800 4151; x_wconf 92' lang='lat' dir='ltr'>ad</span> <span class='ocrx_word' id='word_1_257' title='bbox 853 4078 995 4168; x_wconf 94' lang='lat' dir='ltr'>BP,</span> <span class='ocrx_word' id='word_1_258' title='bbox 1032 4079 1137 4152; x_wconf 89' lang='lat' dir='ltr'>ita</span> <span class='ocrx_word' id='word_1_259' title='bbox 1187 4092 1301 4152; x_wconf 89' lang='lat' dir='ltr'>est</span> <span class='ocrx_word' id='word_1_260' title='bbox 1349 4079 1453 4152; x_wconf 86' lang='lat' dir='ltr'>Be</span> <span class='ocrx_word' id='word_1_261' title='bbox 1502 4079 1600 4152; x_wconf 90' lang='lat' dir='ltr'>ad</span> <span class='ocrx_word' id='word_1_262' title='bbox 1653 4079 1823 4152; x_wconf 88' lang='grc' dir='ltr'>ΒΜ.</span> <span class='ocrx_word' id='word_1_263' title='bbox 1934 4079 2125 4152; x_wconf 90' lang='lat' dir='ltr'>Sunt</span> <span class='ocrx_word' id='word_1_264' title='bbox 2169 4090 2415 4152; x_wconf 90' lang='lat' dir='ltr'>autem</span> <span class='ocrx_word' id='word_1_265' title='bbox 2467 4077 2627 4166; x_wconf 76' lang='lat' dir='ltr'>BQ,</span> <span class='ocrx_word' id='word_1_266' title='bbox 2675 4076 2774 4150; x_wconf 80' lang='lat' dir='ltr'>Be</span> 
     </span>
     <span class='ocr_line' id='line_1_37' title="bbox 703 4188 2766 4287; baseline -0.001 -24"><span class='ocrx_word' id='word_1_267' title='bbox 703 4191 1045 4287; x_wconf 77' lang='lat' dir='ltr'>aequaleS.</span> <span class='ocrx_word' id='word_1_268' title='bbox 1151 4192 1400 4266; x_wconf 78' lang='lat' dir='ltr'>Quare</span> <span class='ocrx_word' id='word_1_269' title='bbox 1470 4193 1692 4265; x_wconf 89' lang='lat' dir='ltr'>etiam</span> <span class='ocrx_word' id='word_1_270' title='bbox 1763 4193 1905 4282; x_wconf 88' lang='lat' dir='ltr'>BP,</span> <span class='ocrx_word' id='word_1_271' title='bbox 1979 4191 2128 4266; x_wconf 93' lang='grc' dir='ltr'>ΒΜ</span> <span class='ocrx_word' id='word_1_272' title='bbox 2198 4202 2371 4265; x_wconf 89' lang='lat' dir='ltr'>sunt</span> <span class='ocrx_word' id='word_1_273' title='bbox 2438 4188 2766 4285; x_wconf 81' lang='lat' dir='ltr'>aequales.</span> 
     </span>
     <span class='ocr_line' id='line_1_38' title="bbox 708 4303 2767 4401; baseline -0.001 -24"><span class='ocrx_word' id='word_1_274' title='bbox 708 4303 983 4377; x_wconf 86' lang='lat' dir='ltr'>Radius</span> <span class='ocrx_word' id='word_1_275' title='bbox 1018 4328 1193 4400; x_wconf 89' lang='lat' dir='ltr'>ergo</span> <span class='ocrx_word' id='word_1_276' title='bbox 1229 4306 1483 4378; x_wconf 86' lang='lat' dir='ltr'>circuli</span> <span class='ocrx_word' id='word_1_277' title='bbox 1517 4331 1665 4381; x_wconf 90' lang='lat' dir='ltr'>una</span> <span class='ocrx_word' id='word_1_278' title='bbox 1697 4330 1865 4379; x_wconf 90' lang='lat' dir='ltr'>cum</span> <span class='ocrx_word' id='word_1_279' title='bbox 1898 4317 2249 4401; x_wconf 87' lang='lat' dir='ltr'>tangente</span> <span class='ocrx_word' id='word_1_280' title='bbox 2277 4312 2372 4377; x_wconf 90' lang='lat'>30</span> <span class='ocrx_word' id='word_1_281' title='bbox 2391 4303 2767 4400; x_wconf 89' lang='lat' dir='ltr'>graduum,</span> 
     </span>
     <span class='ocr_line' id='line_1_39' title="bbox 706 4418 2769 4515; baseline -0.002 -23"><span class='ocrx_word' id='word_1_282' title='bbox 706 4418 1005 4512; x_wconf 86' lang='lat' dir='ltr'>aequalis</span> <span class='ocrx_word' id='word_1_283' title='bbox 1041 4430 1151 4491; x_wconf 89' lang='lat' dir='ltr'>est</span> <span class='ocrx_word' id='word_1_284' title='bbox 1187 4431 1411 4493; x_wconf 89' lang='lat' dir='ltr'>rectae</span> <span class='ocrx_word' id='word_1_285' title='bbox 1463 4443 1630 4515; x_wconf 87' lang='lat' dir='ltr'>quae</span> <span class='ocrx_word' id='word_1_286' title='bbox 1690 4419 2068 4494; x_wconf 87' lang='lat' dir='ltr'>subtendit</span> <span class='ocrx_word' id='word_1_287' title='bbox 2112 4418 2462 4515; x_wconf 88' lang='lat' dir='ltr'>angulum</span> <span class='ocrx_word' id='word_1_288' title='bbox 2496 4428 2769 4489; x_wconf 89' lang='lat' dir='ltr'>rectum</span> 
     </span>
    </p>
   </div>
  </div>
 </body>
</html>
