3094 5125
686 491 824 556 124
1119 503 1657 557 ssxAmNA'mo
1700 504 1804 556 m·
1842 499 2341 556 nMnNnAno

297 695 600 738 »umens
675 668 1133 767 magnitude,
1195 670 1460 767 inquit,
1519 669 1779 769 aliqua
1832 694 2130 745 numero
2184 669 2576 760 dividitur,
2631 696 2769 745 non

301 844 312 860 ,
410 777 499 818 ¹¹¹·
579 847 587 860 ,
676 791 829 855 tam
862 782 1128 856 divisio
1161 793 1277 858 est
1312 809 1526 881 quam
1560 783 2123 882 multiplicatio,
2228 783 2454 859 Quod
2502 783 2772 857 falsum

674 907 827 979 est;
880 896 1028 970 imo
1063 921 1237 971 vero
1273 897 1696 988 absurdum,
1719 897 2309 994 magnitudinem
2343 920 2485 993 per
2518 920 2778 970 nume-

672 1031 837 1082 rum
886 1009 1134 1100 dividi,
1183 1021 1268 1084 ut
1319 1010 1520 1083 nulla
1576 1020 1823 1083 tamen
1870 1010 2002 1083 fiat
2056 1010 2339 1084 divisio.
2454 1010 2655 1082 Nam
2714 1010 2775 1082 si

673 1136 1047 1218 quaeratur
1083 1125 1370 1220 quoties
1423 1133 1468 1197 2
1507 1123 1576 1195 A
1626 1122 2094 1218 reperiantur
2137 1123 2214 1196 in
2267 1132 2296 1196 l
2342 1122 2434 1210 A,
2472 1146 2773 1218 respon-

674 1235 893 1307 detur
927 1249 1266 1309 accurate
1301 1234 1350 1334 ὲ
1387 1236 1654 1319 seme13
1707 1258 1915 1332 aeque
1952 1259 2040 1307 ac
2089 1235 2152 1309 si
2187 1236 2549 1331 quaerenti
2586 1260 2770 1332 quo·

673 1348 811 1421 ties
881 1358 967 1422 12
1029 1349 1502 1422 continentur
1564 1348 1640 1420 in
1704 1357 1774 1435 6,
1829 1348 2401 1444 responderetur
2429 1345 2550 1430 ἐς.
2665 1349 2768 1422 At

673 1461 1062 1558 quaeritur,
1124 1462 1365 1558 inquit
1410 1460 1807 1546 Wallisius,
1865 1460 2145 1557 quoties
2189 1484 2533 1533 numerus
2588 1487 2768 1558 qua-

673 1574 1053 1647 dratorum
1099 1574 1175 1646 in
1209 1599 1394 1646 area
1431 1574 1597 1662 AB,
1637 1573 2004 1646 contineat
2040 1597 2407 1646 numerum
2442 1572 2770 1671 longitu-

672 1687 916 1760 dinum
950 1688 1025 1760 in
1063 1686 1303 1760 latere
1328 1688 1417 1776 A,
1454 1697 1536 1759 ut
1562 1686 1956 1784 proveniat
1989 1709 2327 1758 numerus
2354 1686 2767 1784 longitudi-

671 1826 834 1873 num
869 1802 943 1873 in
976 1799 1213 1873 latere
1243 1800 1327 1873 B.
1433 1801 1690 1896 Itaque
1727 1801 1804 1872 in
1852 1823 2160 1873 numero
2210 1799 2765 1896 quadratorum,

670 1915 750 1988 id
815 1927 926 1988 est
992 1916 1068 1987 in
1144 1913 1850 2009 parallelogrammO,
1920 1913 2343 1985 continetur
2412 1936 2765 1987 numerus

669 2029 1257 2126 longitudinum:
1310 2028 1385 2101 id
1421 2040 1557 2117 est,
1593 2026 2092 2122 longitudines
2146 2028 2429 2123 aliquot
2476 2027 2765 2100 faciunt

669 2143 1154 2240 superficiem.
1258 2140 1478 2217 Quod
1514 2153 1590 2213 et
1623 2140 2022 2212 absurdum
2072 2150 2205 2230 est,
2243 2153 2317 2213 et
2365 2154 2632 2215 contra
2673 2166 2763 2215 ea

669 2280 834 2352 quae
867 2256 1197 2351 proxime
1232 2266 1407 2327 ante
1445 2254 1753 2342 dixerat,
1788 2253 2159 2342 nimirum,
2196 2253 2317 2326 hic
2350 2278 2494 2326 non
2530 2255 2762 2351 quaeri

670 2369 951 2464 quoties
972 2368 1040 2440 A
1066 2367 1468 2439 continetur
1495 2366 1571 2440 in
1591 2366 1830 2464 plano
1849 2367 2015 2440 AB.
2098 2367 2227 2441 Sin
2255 2391 2390 2463 per
2413 2391 2761 2441 numeros

672 2479 1197 2576 quadratorum
1264 2491 1339 2553 et
1405 2480 1958 2576 longitudinum
2028 2480 2340 2578 intelligi
2401 2481 2563 2554 vult
2621 2506 2759 2555 nu-

669 2616 912 2666 meros
949 2593 1398 2689 simpliciter,
1434 2606 1519 2666 ut
1561 2618 1817 2669 sensus
1853 2595 1974 2685 sit,
2012 2619 2400 2668 numerum
2436 2596 2758 2692 aliquem

669 2706 1121 2803 simpliciter,
1156 2708 1235 2780 id
1267 2718 1401 2797 est,
1438 2708 1806 2782 nullarum
1853 2733 2099 2782 rerum
2143 2732 2535 2783 numerum
2580 2735 2758 2783 con-

666 2821 888 2894 tineri
941 2821 1019 2893 in
1079 2844 1251 2894 area
1306 2821 1970 2917 parallelogrammi
2018 2822 2186 2911 AB,
2246 2819 2573 2917 loquitur
2622 2822 2758 2896 ali-

669 2946 944 3031 quanto
981 2934 1203 3008 etiam
1237 2934 1648 3008 absurdius.

766 3048 866 3122 B.
917 3047 1322 3122 Veritatem
1376 3049 1573 3121 circa
1635 3048 2122 3120 differentiam
2182 3048 2374 3121 inter
2428 3047 2757 3144 applica-

667 3162 946 3234 tionem
979 3161 1178 3257 plani
1207 3162 1301 3235 ad
1334 3161 1629 3251 lineam,
1679 3172 1755 3233 et
1805 3160 2233 3235 divisionem
2287 3161 2577 3234 numeri
2623 3185 2757 3257 per

666 3297 1075 3363 numerum,
1095 3275 1311 3371 pauci
1340 3287 1514 3347 sunt
1542 3273 1669 3370 qui
1695 3297 1845 3346 non
1872 3273 2315 3370 intelligunt,
2340 3273 2473 3347 sed
2497 3274 2757 3347 viden-

668 3388 865 3461 tibus
898 3388 1105 3484 quasi
1152 3412 1282 3483 per
1328 3389 1624 3477 nubem,
1672 3398 1919 3460 utrum
1975 3387 2539 3461 accuratissime·
2580 3412 2758 3461 con-

667 3500 968 3574 veniant
1000 3502 1193 3575 inter
1227 3525 1306 3575 se
1340 3524 1477 3574 nec
1511 3525 1631 3590 ne,
1668 3524 1814 3573 non
1851 3501 2031 3573 satis
2066 3511 2377 3575 constat.

765 3612 858 3686 A.
915 3615 1071 3687 Imo
1106 3638 1306 3701 vero,
1339 3614 1584 3710 potius
1625 3614 1703 3686 id
1752 3614 1953 3709 quod
2001 3625 2293 3687 constat
2341 3614 2753 3687 nescientes

668 3727 934 3823 eloqui,
979 3740 1347 3823 coguntur
1392 3752 1437 3801 a
1475 3752 1610 3802 sua
1652 3728 1979 3824 ipsorum
2034 3738 2379 3818 ἀκυρολογίᾳ
2433 3726 2750 3816 veritati,

670 3865 891 3938 quam
957 3840 1343 3913 enuntiare
1411 3841 1772 3929 nesciunt,
1859 3839 2389 3913 contradicere.
2528 3839 2754 3914 Quod

665 3954 997 4051 proxime
1031 3952 1383 4049 sequitur,
1419 3953 1750 4027 ratione-5
1785 3978 2026 4026 omne-5
2071 3951 2408 4046 (subaudi
2458 3976 2751 4048 geome-

670 4066 922 4161 tricas)
965 4090 1540 4164 quarumcunque
1575 4065 1684 4139 ad
1720 4066 2021 4139 invicem
2056 4066 2552 4164 quantitatum
2588 4090 2752 4140 esse

671 4181 866 4254 inter
898 4205 980 4254 se
1010 4178 1520 4278 homogeneas,
1557 4191 1990 4274 peracutum
2036 4191 2172 4269 est,
2223 4178 2408 4251 adeo
2462 4191 2547 4251 ut
2598 4201 2749 4253 non

668 4293 1140 4389 intelligatur.
1250 4292 1394 4366 Ubi
1431 4290 1763 4364 definivit
1796 4290 2307 4389 homogeneum
2334 4295 2379 4364 8

771 4405 868 4479 B.
924 4408 1323 4502 Nusquam.
1464 4405 1610 4479 Sed
1696 4405 2041 4479 definiisti
2111 4416 2195 4477 tu
2252 4405 2747 4498 homogeneas
