3094 5125
616 469 761 536 348
1165 485 1721 540 PROBLEMATA
1759 486 2143 542 ansch.

2226 557 2270 586 Ρ.

263 676 398 716 cn.
420 676 503 718 v1.
612 625 881 749 aquam
915 653 1138 727 maris
1171 665 1249 727 et
1281 654 1669 730 fluminum
1701 657 2076 753 congelari
2110 656 2288 730 dixi.
2367 657 2699 731 Guttulae

184 806 253 850 D.
270 807 588 865 plum-immo,
610 778 858 839 autem
893 766 998 839 sic
1032 767 1439 864 congelatae
1474 779 1649 843 sunt
1679 770 1830 843 nix.

181 871 490 982 ἓξζζῖζῗιῑ
514 888 587 918 '⁸‘
709 879 809 952 A.
865 880 1260 955 Quomodo
1305 904 1484 979 ergo
1531 883 2018 979 congelantur
2066 894 2304 980 guttae
2357 885 2697 979 majoreS‚

605 993 923 1066 maxime
959 1017 1134 1067 vero
1168 1006 1501 1092 tempore
1535 996 1819 1086 vestim,
1855 997 1933 1070 in
1966 995 2456 1094 grandinem?

709 1106 806 1178 B.
862 1105 947 1178 In
969 1118 1223 1181 aestate
1250 1109 1567 1181 maxime
1594 1108 1959 1206 contingit
1984 1120 2070 1181 ut
2095 1107 2329 1182 nubes
2351 1117 2696 1183 constent

604 1241 695 1291 ex
742 1219 1082 1292 maximis
1115 1220 1371 1317 guttiS,
1405 1234 1639 1315 utque
1673 1222 1994 1297 maxima
2029 1222 2247 1319 copia
2279 1246 2488 1319 aquae
2544 1221 2693 1295 ele-

603 1345 841 1406 vetur.
912 1332 1173 1430 Itaque
1198 1334 1438 1429 spatio
1471 1334 1668 1408 inter
1702 1346 1980 1409 terram
2013 1346 2089 1407 et
2118 1336 2349 1408 nubes
2377 1334 2692 1408 arctiore

600 1443 823 1537 facto,
878 1457 1122 1520 motus
1174 1448 1366 1522 aeris
1420 1458 1633 1521 tanto
1700 1448 1786 1521 fit
1836 1447 2200 1522 velocior:
2253 1458 2331 1522 et
2381 1448 2692 1544 proinde

599 1570 854 1654 guttas
907 1559 1069 1633 illas
1124 1559 1468 1657 congelat
1511 1583 1664 1633 non
1716 1560 1798 1633 in
1846 1560 2024 1656 ipsis
2078 1561 2419 1650 nubibuS,
2464 1560 2596 1634 sed
2644 1585 2692 1634 a

599 1672 918 1746 nubibus
941 1673 1309 1747 cadentes
1382 1672 1543 1746 Nec
1572 1685 1821 1747 tamen
1842 1683 2038 1747 totas
2061 1675 2426 1771 congelat,
2458 1673 2689 1770 (quod

601 1785 926 1859 cadendi
950 1786 1297 1883 exiguum
1333 1799 1626 1885 tempus
1681 1810 1832 1860 non
1883 1786 2225 1883 patitur),
2262 1784 2394 1860 sed
2438 1786 2517 1859 in
2567 1810 2689 1859 su-

597 1898 899 1996 perficie
948 1911 1280 1974 tantum:
1351 1912 1439 1974 ut
1490 1899 1967 1975 manifestum
2016 1912 2152 1989 est,
2204 1923 2297 1973 ex
2348 1922 2438 1973 eo
2488 1900 2689 1995 quod

599 2012 834 2087 multo
871 2036 1091 2108 quam
1124 2015 1397 2111 glacies
1431 2026 1564 2089 aut
1596 2015 1724 2088 nix
1758 2014 1975 2087 citius
2008 2012 2417 2109 liquefiunt.

705 2124 803 2199 A.
858 2126 1008 2200 Cur
1040 2150 1192 2201 non
1217 2127 1614 2224 aliquando
1638 2128 1899 2216 nubeS,
1922 2126 2146 2200 etiam
2175 2126 2487 2224 integrae
2512 2150 2687 2223 gra-

600 2238 958 2336 vidaeque,
1018 2242 1507 2339 congelantur
1574 2242 1651 2314 in
1720 2264 1945 2315 unam
2011 2264 2359 2337 magnam
2423 2239 2689 2338 glaciei

603 2352 871 2427 molem
899 2352 926 2425 Ρ

698 2464 794 2541 Β.
849 2466 989 2555 Ita,
1025 2465 1273 2555 credo,
1308 2464 1793 2564 congelantur
1826 2467 2113 2564 quoties
2147 2477 2383 2540 tonat.

701 2579 803 2653 A.
858 2578 1006 2652 Sed
1042 2580 1410 2675 quareita
1444 2579 1739 2653 credis?

699 2691 803 2765 B.
854 2692 1166 2788 Propter
1223 2691 1463 2790 ipsum
1524 2716 1812 2783 sonum,
1866 2693 1993 2790 qui
2050 2694 2345 2791 proprie
2383 2691 2686 2792 fragor

603 2805 921 2879 dicitur:
976 2829 1237 2880 sonum
1271 2806 1462 2898 dico,
1497 2807 1790 2904 qualem
1823 2807 2048 2881 efficit
2083 2806 2397 2881 duorum
2425 2830 2687 2904 corpo-

600 2942 767 2992 rum
802 2918 1191 2994 diffractio.
1294 2920 1445 2996 Qui
1475 2920 1728 3017 fragor
1752 2920 2120 3018 quomodo
2145 2921 2308 2994 fieri
2339 2920 2572 3017 possit
2602 2920 2683 2993 in

600 3055 913 3130 corpore
945 3056 1099 3108 non
1134 3034 1341 3125 duro,
1376 3035 1794 3132 intelligere
1827 3058 1978 3109 non
2012 3058 2333 3132 possum.

702 3146 800 3221 A.
853 3147 1038 3237 Imo,
1059 3147 1300 3245 pulvis
1332 3148 1455 3221 ille
1489 3171 1709 3245 quem
1745 3149 2117 3245 appellant
2150 3171 2413 3222 aurum
2436 3146 2684 3221 fulmi-

598 3281 806 3350 nanS,
842 3260 1080 3334 mollis
1115 3264 1250 3334 est.
1321 3248 1706 3335 'Attamen
1752 3261 1814 3334 si
1866 3260 2324 3358 aequabiliter
2371 3261 2681 3350 calefiat,

594 3371 967 3470 fragorem
1000 3374 1152 3448 edit
1180 3374 1487 3448 similem
1514 3373 1848 3448 tonitrui.

700 3486 800 3562 B.
855 3487 1003 3561 Sed
1035 3487 1422 3584 pulvisculi
1451 3487 1648 3561 illius
1673 3487 2053 3585 particulae
2086 3487 2396 3585 singulae
2421 3510 2554 3584 per
2578 3509 2679 3576 se,

595 3622 729 3672 cur
760 3624 914 3673 non
946 3611 1254 3696 possunt
1286 3623 1444 3673 esse
1479 3598 1706 3689 durae‚
1734 3599 1875 3673 etsi
1908 3609 2110 3674 totus
2138 3600 2471 3673 cumulus
2496 3598 2680 3672 mol-

592 3710 685 3785 lis
736 3712 875 3786 sit:
927 3711 1545 3810 quemadmodum
1592 3735 1836 3786 arenae
1887 3735 2193 3786 acervus
2248 3712 2488 3786 mollis
2543 3724 2679 3800 est,

594 3848 1011 3923 quanquam
1045 3849 1359 3922 granum
1394 3827 1552 3922 ejus
1584 3824 2162 3922 unumquodque
2198 3825 2467 3899 durum
2511 3825 2676 3898 est?

594 3936 799 4012 Sales
833 3939 1159 4013 omnium
1193 3960 1550 4035 generum
1584 3938 1855 4012 similes
1892 3950 2067 4011 sunt
2098 3938 2386 4034 glaciei,
2423 3950 2497 4012 et
2530 3939 2679 4013 fra-

592 4050 777 4146 giles
809 4061 896 4126 ut
940 4052 1237 4148 glacieS.
1338 4052 1584 4125 Etiam
1637 4063 1722 4124 ut
1763 4051 1898 4125 fiat
1948 4075 2209 4124 aurum
2253 4050 2676 4142 fulminanS,
2774 4081 2777 4086 ·

595 4163 1015 4239 dissolvitur
1048 4188 1309 4238 aurum
1344 4188 1484 4261 ope
1530 4164 1708 4237 nitri
1761 4175 1837 4238 et
1882 4163 2138 4238 salium
2189 4164 2549 4238 aliorum:
2604 4177 2680 4238 et

595 4300 908 4373 granum
939 4276 1518 4376 unumquodque
1553 4278 1715 4351 auri
1740 4276 2197 4351 fulminantis
2222 4300 2358 4374 per
2378 4301 2480 4368 se,
2503 4278 2566 4351 si
2597 4277 2677 4351 in

595 4390 846 4485 ignem
899 4392 1295 4489 injiciatur,
1350 4391 1691 4489 crepitat,
1740 4389 1817 4466 id
1865 4403 2004 4483 est,
2049 4390 2365 4490 fragoris
2413 4414 2675 4467 sonum
