3094 5125
725 1074 899 1125 VIRO
942 1075 1371 1128 CLARISSIMO
1412 1079 1505 1128 ΕΤ
1549 1080 1971 1132 AMICISSIMO

607 1258 1237 1343 SAMUELI
1367 1258 2074 1345 SORBERIO

925 1490 1333 1560 THOMAS
1380 1492 1757 1561 HOBBES

1262 1671 1321 1722 S.
1336 1672 1411 1722 D.

190 2034 458 2106 INTER
485 2032 688 2106 varia
719 2033 1038 2106 ludentis
1075 2044 1360 2106 naturae
1395 2034 1836 2128 spectacula,
1864 2032 2282 2108 doctissime
2311 2038 2482 2110 Sor-

190 2152 375 2238 beri,
438 2176 603 2247 quae
660 2175 793 2247 per
852 2152 1213 2247 sphaeram
1283 2151 1596 2224 vitream
1673 2174 2070 2225 concavam
2151 2155 2484 2227 exhibuit

188 2293 429 2366 nuper
464 2270 576 2342 vir
615 2293 887 2365 genere
933 2282 1008 2343 et
1041 2269 1338 2366 ingenio
1386 2268 1653 2342 nobilis
1708 2270 1786 2343 in
1824 2270 2223 2344 Academia
2289 2273 2484 2345 Lon-

190 2385 505 2475 dinensi,
560 2387 687 2459 illa
738 2387 817 2459 in
870 2387 1123 2482 primis
1158 2386 1582 2483 cognitione
1634 2399 1765 2461 tua
1814 2387 2038 2484 digna
2090 2401 2262 2462 sunt
2319 2414 2483 2486 qaeu

188 2502 568 2599 pertinent
600 2502 697 2577 ad
730 2517 1072 2577 naturam
1107 2503 1295 2577 aeris
1325 2535 1344 2588 ;
1381 2504 1711 2601 adeoque
1746 2504 1843 2578 ad
1876 2517 2111 2579 artem
2148 2519 2375 2597 tuam,
2402 2508 2480 2583 in

195 2646 337 2717 qua
386 2623 701 2711 excelliS,
748 2623 924 2696 vitae
989 2623 1353 2710 humanae,
1429 2636 1787 2718 quantum
1853 2624 2135 2720 patitur
2193 2637 2481 2714 natura,

191 2740 731 2814 conservandae.
842 2738 1217 2835 Sphaeram
1267 2737 1457 2811 hanc
1511 2762 1662 2812 una
1716 2763 1885 2812 cum
1942 2751 2099 2813 tota
2144 2741 2484 2814 machina

191 2868 269 2929 et
302 2881 441 2928 usu
488 2858 643 2952 ejus
698 2858 774 2929 in
834 2855 1124 2952 dialogo
1173 2867 1547 2951 sequente,
1593 2870 1946 2951 quantum
1995 2857 2150 2929 sine
2192 2858 2483 2953 pictura

189 2974 422 3069 potui,
470 2973 842 3069 descripsi.
962 2973 1164 3045 Inter
1208 2972 1352 3045 alia
1406 2985 1653 3044 autem
1707 2974 1863 3066 ejus
1907 2974 2260 3046 miracula
2293 2977 2482 3048 scitu

193 3089 440 3185 digna,
470 3090 905 3164 commendo
942 3090 1074 3162 tibi
1134 3090 1300 3177 hoc,
1338 3089 1624 3162 caeteris
1686 3089 1995 3176 omissiS‚
2033 3113 2261 3162 unum
2309 3115 2484 3165 con-

192 3206 703 3281 siderandum:
744 3207 941 3303 quod
969 3207 1240 3280 animal
1275 3207 1354 3279 in
1382 3231 1471 3279 eo
1497 3207 1885 3296 inclusum,
1913 3219 2214 3303 propter
2242 3222 2479 3282 muta-

190 3323 468 3396 tionem
492 3324 861 3420 quandam
882 3323 1072 3397 aeris
1092 3324 1171 3396 in
1191 3323 1480 3420 sphaera
1498 3324 1577 3396 in
1601 3347 1745 3419 qua
1763 3323 2163 3398 includitur
2182 3326 2481 3415 factam,

190 3443 404 3515 valde
473 3443 622 3516 cito
694 3444 1072 3515 moriatur.
1213 3442 1526 3516 Causam
1599 3442 1858 3516 mortis
1925 3443 2258 3539 plerique
2326 3468 2484 3518 esse

192 3561 468 3650 dicunt,
507 3560 705 3656 quod
760 3584 884 3635 aer
940 3562 1135 3633 intra
1188 3561 1574 3656 sphaeram‚
1630 3579 1774 3656 quo
1832 3561 2089 3634 vivunt
2140 3562 2484 3635 animalia

191 3679 440 3751 omnia
475 3679 738 3773 quibus
772 3692 946 3752 sunt
978 3678 1385 3776 pulmoneS,
1422 3688 1732 3750 exuctus
1767 3677 1883 3749 sit.
1987 3677 2145 3772 Ego
2194 3692 2479 3767 contra,

190 3818 429 3891 neque
483 3819 727 3869 aerem
785 3796 1001 3893 exugi
1048 3818 1286 3893 posse,
1323 3818 1561 3889 neque
1595 3793 1957 3866 inclusum
2000 3794 2295 3882 animal,
2342 3793 2480 3865 etsi

192 3925 498 3986 exuctus
579 3927 793 4003 esset,
883 3926 1034 3987 tam
1114 3915 1262 3987 cito
1344 3913 1787 3986 moriturum
1875 3935 2033 3984 esse
2114 3911 2481 3983 existimo.

190 4030 408 4103 Actio
456 4031 777 4126 quidem,
826 4056 1042 4127 quam
1093 4056 1292 4106 mors
1353 4030 1480 4104 illa
1537 4029 1891 4126 sequitur,
1947 4028 2179 4101 videri
2230 4040 2479 4123 potest

188 4149 306 4221 vel
357 4148 593 4221 suctio
662 4149 1021 4243 quaedam,
1090 4163 1167 4220 et
1232 4161 1626 4244 propterea
1693 4144 2080 4218 exuctione
2149 4142 2479 4216 conclusi

189 4268 380 4340 aeris
444 4266 755 4338 interfici
816 4266 1107 4353 animal,
1165 4265 1644 4361 respiratione
1699 4263 2008 4347 sublata,
2071 4259 2185 4332 vel
2254 4260 2477 4332 etiam

190 4381 592 4478 compulsio
641 4381 831 4453 aeris
865 4382 956 4453 ab
996 4383 1193 4454 omni
1230 4393 1438 4476 parte
1475 4404 1725 4453 versus
1781 4391 2119 4452 centrum
2171 4377 2481 4473 sphaerae
