3094 5125
865 494 1489 547 MATHEMArrcAE
1531 497 2014 548 nomnRNAE.
2342 478 2477 556 177

394 684 752 758 gramm0‚
814 664 1020 758 cujus
1071 687 1300 736 unum
1356 664 1546 736 latus
1607 676 1865 759 tanget
1921 663 2342 760 parabolam
2399 664 2473 735 in

396 775 670 848 vertice
706 787 782 848 et
817 774 1039 849 faciet
1067 777 1417 871 angulum
1452 801 1618 850 cum
1655 777 2037 849 diametrO.
2101 776 2475 872 Angulum

397 887 602 960 illum
626 888 851 962 ducta
873 901 1076 962 recta
1102 913 1354 962 secans
1381 890 1650 962 lineam
1671 889 2166 986 parabolicam
2186 890 2475 978 alicubi,

397 999 679 1075 dividat
712 1000 1071 1090 bifariam,
1100 1014 1177 1075 et
1213 1003 1666 1098 compleatur
1689 1003 2474 1100 parallelogrammum,

397 1115 606 1208 cujus
641 1137 831 1188 unus
863 1116 1174 1211 angulus
1211 1128 1325 1189 est
1359 1117 1434 1187 iu
1472 1116 1771 1204 vertice,
1808 1116 1992 1188 alter
2026 1128 2134 1189 est
2169 1116 2244 1188 in
2282 1117 2476 1190 linea

396 1228 839 1324 parabolica.
950 1230 1113 1303 Erit
1165 1244 1413 1304 autem
1479 1230 2240 1325 parallelogrammum
2293 1230 2476 1304 illud

394 1342 511 1414 vel
547 1342 983 1437 quadratum
1018 1345 1134 1417 vel
1167 1345 1536 1418 rhombus,
1625 1344 1867 1439 Hujus
1901 1343 2093 1417 latus
2128 1357 2239 1417 est
2266 1368 2477 1440 para-

396 1467 656 1528 meter.
759 1456 1149 1547 Meditare,
1177 1457 1501 1553 inquam,
1529 1457 1673 1529 hoe
1707 1468 1975 1544 tecum,
1999 1468 2075 1529 et
2101 1457 2354 1552 judica
2379 1481 2473 1529 an

396 1581 809 1664 parameter
862 1570 1094 1666 magis
1157 1571 1252 1643 sit
1311 1570 1743 1665 imaginaria
1810 1594 2025 1666 quam
2092 1570 2471 1659 diameter,

395 1682 512 1755 vel
546 1683 689 1756 alia
724 1684 997 1779 quaevis
1032 1684 1247 1757 linea.
1354 1683 1491 1757 Est
1537 1696 1785 1756 autem
1820 1685 2090 1779 ubique
2127 1695 2210 1755 ut
2244 1684 2473 1757 inter·-

397 1805 611 1891 cepta
631 1795 986 1869 diameter
1016 1794 1111 1868 ad
1145 1795 1366 1878 illam,
1391 1795 1493 1868 ita
1525 1795 1651 1867 illa
1684 1795 1779 1867 ad
1815 1795 2208 1867 ordinatim
2246 1796 2477 1892 appli-

395 1919 661 1981 catam.
769 1909 856 1982 Id
893 1909 1091 2005 quod
1125 1908 1494 1980 Wallisius
1529 1907 1869 1980 enuntiat
1902 1931 2035 2003 per
2070 1909 2475 2006 quantuplo

396 2023 637 2117 major
671 2031 786 2094 est
821 2022 937 2094 vel
958 2022 1218 2111 minor,
1254 2031 1417 2109 etc„
1456 2020 1819 2117 tantupZO,
1857 2030 2037 2093 «etc..-
2074 2044 2236 2116 quae
2259 2045 2473 2093 voces

394 2133 874 2232 quantuplum
907 2145 981 2208 et
1009 2133 1416 2232 tantuplum
1444 2157 1680 2229 neque
1703 2133 1982 2207 Latinae
2018 2146 2212 2218 sunt,
2236 2156 2473 2228 neque

392 2248 785 2344 quicquam
818 2248 1257 2343 significant.

369 2357 382 2370 ”
497 2360 595 2434 Β.
650 2361 886 2434 Miror
920 2373 1121 2434 certe
1150 2361 1407 2434 alienae
1429 2360 1848 2435 Latinitatis
1874 2361 2473 2456 reprehensorem

394 2488 545 2547 tam
580 2498 848 2564 acrem,
879 2474 1098 2548 toties
1132 2474 1440 2547 barbare
1476 2475 1916 2548 scribentem
1953 2498 2097 2547 non
2136 2474 2466 2548 sensisse.

496 2590 594 2663 A.
646 2590 837 2663 Fieri
891 2601 1135 2687 potest
1179 2603 1264 2662 ut
1311 2589 1581 2686 linguae
1626 2591 1909 2663 Latinae
1958 2613 2169 2661 usum
2224 2590 2470 2684 aliqua

394 2727 485 2775 ex
554 2713 763 2799 parte
831 2702 1382 2777 labefactaverit
1448 2704 1772 2778 studium
1831 2704 2137 2776 nimium
2198 2702 2469 2799 linguae

395 2816 749 2889 Arabicae.

496 2929 593 3004 B.
647 2929 815 3002 Non
849 2941 1054 3027 puto,

494 3043 592 3116 A.
646 3043 988 3117 Proximo
1021 3045 1206 3134 loco,
1254 3044 1653 3140 quamlibet
1702 3043 2123 3139 parabolam
2169 3043 2468 3115 cuilibet

394 3179 582 3230 cono
623 3159 859 3254 aptari
910 3182 1149 3254 posse,
1192 3160 1405 3255 (puto
1461 3157 1680 3231 nam*
1742 3157 2110 3249 obscure),
2167 3155 2469 3229 demon-

394 3280 625 3354 strat3
698 3295 938 3367 neque
994 3272 1188 3344 enim
1238 3296 1428 3345 nova
1480 3295 1597 3344 res
1654 3282 1788 3356 est,
1847 3292 2083 3365 neque
2133 3268 2466 3343 difficilis.

396 3382 932 3479 Propositiones
984 3383 1234 3457 decem
1291 3384 1506 3479 hujus
1556 3384 1787 3480 partis
1839 3383 2096 3479 primae
2143 3384 2466 3479 reliquae,

395 3497 519 3568 ubi
556 3497 647 3569 de
695 3497 1032 3594 ellipticis
1079 3510 1154 3570 et
1208 3496 1696 3593 hyperbolicis
1730 3495 2356 3593 pyramidoidibus
2394 3511 2469 3570 et

394 3609 667 3696 cuneis»,
704 3621 779 3681 et
805 3609 896 3682 de
932 3609 1291 3706 ellipsium
1330 3622 1405 3681 et
1437 3609 2000 3705 hyperbolarum
2036 3611 2469 3703 parametris

395 3720 870 3818 imaginariis
907 3721 1255 3817 loquitur,
1293 3722 1551 3794 eodem
1588 3722 1926 3794 laborant
1960 3722 2165 3795 vitio.
2244 3723 2467 3795 Vides

392 3855 569 3928 ergo
605 3833 969 3906 sectiones
1004 3833 1320 3922 conicaS,
1359 3846 1719 3929 quatenus
1754 3834 1827 3906 in
1876 3835 2036 3929 ipso
2078 3858 2262 3906 cono
2299 3859 2471 3907 con-

393 3944 774 4035 siderataS,
802 3970 1021 4042 quam
1056 3970 1313 4044 parum
1350 3948 1716 4044 intelligit.
1826 3946 2043 4021 Quod
2074 3948 2339 4020 attinet
2374 3948 2469 4019 ad

314 4139 321 4145 ,
395 4059 1056 4134 considerationem
1084 4061 1479 4135 earundem
1505 4062 1914 4134 sectionum
1940 4073 2149 4133 extra
2174 4083 2465 4146 conum,

397 4195 483 4245 ea
516 4174 770 4247 scribit
805 4198 993 4269 quae,
1031 4177 1203 4271 quia
1241 4199 1391 4248 non
1439 4175 1772 4272 intelligi,
1830 4173 2263 4269 reprehendi
2319 4196 2468 4245 non

740 4409 775 4445 ⁴
816 4408 976 4469 Edit.
1012 4413 1164 4469 1660
1191 4419 1251 4469 et
1285 4413 1453 4483 1668,
1485 4429 1640 4470 nam.
1727 4409 1950 4483 Quaere,
1982 4408 2136 4465 non?

594 4524 782 4577 VOL.
816 4525 928 4577 lv.
2208 4527 2262 4578 N

2542 689 2842 728 nlALoous

2672 770 2730 810 Υ.

2555 839 2841 873 *w
