3094 5125
283 696 585 739 Dumana

397 779 486 819 111.

660 490 754 555 94
1093 504 1636 556 ΕΧΔΜῙΝΔΤῘΟ
1676 505 1783 557 ΕΤ
1818 505 2318 558 EMENDATIO

658 669 983 768 gradus,
1027 671 1187 744 sive
1239 671 1648 745 ascendens
1695 673 1850 744 sive
1900 671 2378 756 descendens,
2433 671 2754 769 primns,

659 782 1048 869 secundus,
1084 784 1378 873 tertius,
1405 794 1573 873 etc„
1608 783 1809 858 illud
1855 794 1972 857 est
2017 783 2491 884 algebo-istis,
2525 784 2755 876 latus,

657 895 1123 993 quadratum,
1156 895 1403 987 cubus,
1437 906 1577 970 etc.

759 1008 1106 1084 Concedo
1131 1010 1346 1098 latuS,
1374 1011 1837 1108 quadratum,
1858 1012 2155 1100 cubum,
2175 1010 2752 1086 fundamentum

656 1144 838 1211 esse,
886 1123 1008 1195 cui
1051 1123 1362 1210 insistit,
1398 1124 1695 1198 dicam?
1748 1149 1845 1198 an
1878 1138 2143 1199 contra
2173 1149 2343 1198 cum
2380 1125 2749 1214 Wallisio,

654 1260 751 1308 ex
783 1260 927 1333 quo
961 1236 1329 1334 dependet
1359 1237 1636 1337 regula
1668 1237 2071 1337 algebrae?
2174 1238 2325 1311 Sed
2374 1263 2531 1313 non
2572 1239 2749 1313 inde

654 1348 1023 1445 dependet
1054 1374 1173 1422 ars
1206 1350 1617 1448 analyticae.
1720 1353 1825 1424 At
1856 1351 1980 1424 ille
2014 1352 2240 1435 illam,
2268 1375 2493 1447 quam
2518 1353 2746 1426 modo

652 1463 1005 1536 tractavit
1048 1466 1656 1555 numerationem,
1703 1489 1992 1561 nempe,
2042 1488 2176 1561 per
2227 1466 2563 1538 locorum
2618 1492 2747 1539 va-

650 1576 843 1651 lores
875 1576 952 1649 in
986 1579 1581 1674 proportionibus
1617 1580 1966 1677 decupliS,
2002 1580 2453 1678 quadruplis,
2475 1580 2744 1676 triplis,

652 1701 819 1780 etc„
854 1690 1172 1787 algebrae
1218 1691 1779 1767 fundamentum
1841 1718 1999 1767 esse
2058 1693 2354 1778 statuit3
2406 1694 2488 1767 id
2542 1695 2745 1793 quod

652 1803 945 1878 difficile
978 1818 1094 1878 est
1136 1805 1463 1897 credere,
1499 1830 1670 1881 cum
1701 1819 1877 1880 ante
1930 1807 2138 1880 illum
2195 1807 2413 1880 multi
2462 1808 2744 1882 fuerint

649 1916 1086 2013 algebristae,
1123 1917 1256 1991 sed
1290 1920 1417 2015 qui
1450 1920 1999 1993 numerationes
2032 1921 2168 1993 has
2220 1943 2451 1993 novas
2504 1922 2741 1996 edidit

645 2029 802 2127 ipse
835 2031 1116 2128 primus
1149 2043 1288 2105 est.

751 2145 844 2217 B.
902 2145 1282 2242 Nusquam
1316 2155 1591 2234 tamen,
1625 2144 1822 2241 quod
1854 2146 2180 2235 memini,
2207 2147 2739 2222 numerationi-

647 2259 785 2332 bus
819 2259 976 2332 istis
1001 2259 1079 2330 in
1112 2258 1587 2355 sequentibus
1619 2258 1879 2330 utitur.
1932 2258 2100 2332 ‘Sed
2133 2282 2265 2354 per
2296 2259 2739 2334 fundamen-

648 2384 808 2445 tum
842 2371 1191 2466 intelligit
1222 2393 1374 2442 non
1409 2369 1617 2456 illud,
1651 2370 1781 2443 sed
1813 2371 2376 2467 proportionum
2426 2373 2524 2446 ab
2569 2376 2735 2447 uni-

644 2495 801 2557 tate
818 2483 1330 2580 incipientium
1348 2482 1779 2556 varietatem
1799 2507 2116 2557 omnem.
2194 2483 2455 2581 Itaque
2476 2510 2735 2560 verum

645 2608 758 2671 est
792 2596 988 2694 quod
1022 2595 1229 2669 dicit.

747 2710 845 2783 A.
895 2710 1100 2783 Esto.
1206 2708 1363 2781 Cur
1415 2719 1666 2782 autem
1719 2709 1940 2806 paulo
1984 2721 2157 2805 post
2216 2710 2309 2784 de
2362 2713 2731 2787 veteribus

643 2822 970 2919 loquitur
1030 2821 1470 2918 algebristis,
1504 2846 1595 2894 ac
1648 2823 1713 2895 si
1757 2821 1836 2894 id
1883 2835 2015 2895 aut
2072 2823 2545 2919 ignorassent
2599 2837 2730 2900 aut

644 2935 1244 3024 dissimulassem,
1281 2946 1358 3007 et
1409 2958 1708 3009 causam
1762 2936 2200 3031 ignorantiae
2251 2960 2509 3011 eorum
2565 2963 2729 3014 eam

641 3073 800 3124 esse
826 3050 1010 3123 dicit
1044 3048 1243 3146 quod
1266 3047 1906 3123 arithmeticorum
1938 3075 2177 3139 unum,
2209 3074 2352 3124 non
2395 3078 2596 3142 ver-0,
2648 3063 2730 3126 ut

639 3164 998 3261 oportuit,
1035 3164 1341 3253 nullum,
1377 3187 1539 3235 cum
1558 3172 1839 3261 puncto
1852 3164 2307 3261 geometrico
2332 3189 2727 3266 compara-

638 3282 1093 3463 ’.ἐπὲρῦεηε
1127 3390 1205 3462 in
1240 3387 1571 3461 Elencho
1603 3412 1736 3462 suo
1761 3398 2023 3462 contra
2048 3389 2453 3480 Hobbium,
2476 3392 2726 3465 multis

637 3504 712 3577 in
749 3503 929 3577 locis
964 3503 1279 3576 affirmat
1309 3510 1668 3600 punctum
1719 3525 1884 3573 esse
1936 3500 2146 3575 nihil.
2251 3503 2518 3577 Postea
2548 3529 2724 3579 vero

634 3619 715 3691 in
750 3618 895 3692 alio
945 3616 1191 3690 libello
1239 3615 1639 3689 defendens
1698 3616 1970 3688 librum
2016 3639 2230 3689 suum
2265 3615 2387 3688 De
2421 3616 2725 3716 Aug-ulo

644 3732 1046 3804 Contactus
1108 3742 1185 3803 et
1241 3730 1367 3802 De
1403 3728 1898 3802 Arithmetica
1948 3727 2414 3824 Irfinitorum
2465 3742 2723 3804 contra

634 3844 952 3919 eundem
1019 3843 1425 3931 Hobbium,
1483 3854 1709 3939 negat
1768 3866 1846 3915 se
1915 3843 2023 3916 ita
2091 3842 2383 3916 dixisse.
2500 3844 2722 3918 Nunc

633 3962 882 4037 autem
908 3962 1112 4034 illum
1149 3960 1408 4034 saltem
1442 3960 1547 4033 sic
1583 3961 1857 4033 sentire
1883 3961 2060 4033 satis
2093 3960 2451 4057 intelligo.

735 4077 834 4150 A.
885 4075 1122 4149 Video
1175 4073 1638 4170 phantasiam
1698 4075 1877 4168 ejus,
1923 4073 2085 4146 aliis
2133 4073 2318 4147 ideis
2379 4075 2721 4148 omnibus

632 4191 920 4281 deletis,
957 4188 1128 4263 solis
1164 4201 1598 4283 occupatam
1631 4210 1786 4260 esse
1841 4187 2210 4283 symbolis.
2318 4188 2468 4262 Qui
2524 4190 2721 4261 enim

632 4304 849 4378 aliter
881 4303 1041 4377 fieri
1075 4302 1342 4398 potuit,
1377 4313 1463 4374 ut
1496 4300 1827 4397 symbola
1859 4301 2192 4374 radicum
2244 4324 2721 4375 numerorum

631 4418 856 4491 etiam
890 4442 1042 4492 non
1077 4415 1604 4515 quadratorum
1637 4438 1733 4488 nu
1743 4438 1984 4487 meros
2037 4413 2446 4511 appellaret
2499 4438 2720 4489 sanus
