3094 5125
864 515 1229 571 cunum
1246 514 1252 520 ·
1271 515 1653 584 SPHAERAE,
1695 516 1869 571 nro.
2266 492 2410 568 513

327 682 479 757 sive
514 680 738 780 dupla
772 683 893 774 Zc,
921 685 1017 758 sit
1050 680 1349 781 aequ‘alis
1384 686 1590 759 arcui
1611 680 1777 777 BC,
1804 696 1892 758 ut
1924 685 2002 757 in
2034 688 2246 782 prop.
2276 686 2302 758 i
2337 672 2523 759 et'An
2543 712 2834 753 paonvn.

325 797 407 871 iii
443 796 1025 871 demonstratum
1062 810 1200 872 est.
2415 840 2420 845 ¹
2492 782 2779 818 *q*

424 910 945 983 Examinemus
1000 923 1246 983 autem
1292 910 1731 1007 quadratum
1775 911 1921 984 hoc
1956 911 2413 983 numericam

327 1022 791 1096 ProfessoriS.
898 1023 1292 1109 Quoniam,
1327 1035 1411 1096 ut
1466 1025 1838 1120 supponit,
1878 1024 2313 1122 quadratum
2369 1049 2414 1097 a

326 1136 427 1206 Zc
480 1146 591 1207 est
633 1134 712 1226 {⁶-
741 1160 1052 1232 quorum
1103 1136 1544 1232 quadratum
1593 1160 1638 1209 a
1672 1137 1799 1210 GC
1840 1151 1952 1211 est
1973 1135 2086 1228 },
2119 1149 2198 1210 et
2233 1161 2414 1233 qua-

328 1246 623 1320 dratum
643 1248 736 1321 ab
759 1247 902 1323 YQ
925 1245 1037 1340 ξ,
1066 1248 1508 1345 quadratum
1535 1262 1783 1322 autem
1821 1251 1913 1324 ab
1951 1252 2062 1324 Ac
2081 1248 2191 1341 {33
2215 1249 2414 1346 quod

327 1361 568 1434 minus
604 1377 718 1433 est
754 1366 972 1458 quam
999 1360 1106 1453 ξε
1161 1362 1302 1434 erit
1337 1362 1471 1434 AO
1519 1364 1754 1458 major
1788 1386 2008 1458 quam
2045 1363 2175 1434 Ac,
2278 1363 2415 1435 Est

327 1485 571 1547 autem
621 1475 1061 1571 quadratum
1107 1476 1198 1549 ab
1254 1475 1386 1548 AG
1438 1475 1743 1572 duplum
1791 1474 2130 1571 quadrati
2165 1500 2211 1548 a
2245 1475 2412 1548 GC:

325 1590 469 1660 erit
505 1612 680 1683 ergo
714 1586 822 1680 ἐξ,
853 1600 930 1662 et
957 1588 1395 1684 quadratum
1431 1589 1522 1661 ab
1559 1587 1703 1663 YQ
1741 1584 1849 1679 ἓ,
1873 1600 1949 1659 et
1976 1587 2413 1683 quadratum

325 1702 418 1774 ab
456 1702 590 1774 AO
620 1698 679 1793 Ξ
708 1756 725 1773 .
833 1700 1019 1774 Quae
1075 1701 1419 1790 rationeS,
1475 1724 1741 1797 nempe
1804 1709 1846 1773 5
1886 1699 2087 1788 ad4,
2149 1723 2414 1772 conve-

324 1814 541 1887 niunt
569 1838 737 1887 cum
759 1813 1168 1887 rationibus
1198 1826 1568 1886 rectarum
1591 1814 1746 1901 AG,
1770 1813 2084 1894 AQ,Ac.
2140 1813 2426 1900 Quare,

328 1938 589 2000 contra
645 1927 723 1999 id
780 1926 976 2023 quod
1037 1926 1538 2000 demonstrare
1585 1926 1843 2017 voluit,
1883 1927 2042 2016 AO,
2079 1926 2190 1999 Ac
2241 1939 2426 1999 sunt*

330 2040 671 2135 aequales.
976 2049 980 2052 “

427 2154 671 2227 Etiam
706 2153 966 2226 falsum
1003 2163 1114 2226 est
1147 2153 1349 2249 quod
1384 2153 1822 2249 quadratum
1856 2153 1948 2226 ab
1985 2152 2119 2225 AO
2155 2153 2270 2225 vel
2304 2153 2415 2225 Ac

328 2266 606 2364 aequale
658 2268 752 2340 sit
776 2264 874 2359 {³
900 2266 1241 2364 quadrati
1276 2291 1322 2340 a
1354 2266 1587 2339 radio.
1691 2265 2157 2340 Quadratum
2218 2267 2413 2338 enim

326 2404 371 2453 a
405 2380 611 2453 radio
649 2393 762 2453 est
797 2389 920 2454 25.
1025 2380 1224 2476 Ergo
1286 2378 1727 2476 quadratum
1774 2404 1820 2452 a
1854 2378 2244 2451 semiradio
2301 2392 2415 2452 est

326 2496 441 2576 δὲ.
548 2494 798 2569 Quare
853 2492 1296 2590 quadratum
1356 2493 1448 2566 ab
1485 2493 1621 2566 AO
1651 2505 1780 2578 ,est
1817 2493 1977 2573 315.
2082 2491 2254 2566 Non
2303 2504 2415 2567 est

327 2630 505 2703 ergo
542 2609 979 2703 quadratum
1017 2609 1106 2681 ab
1143 2607 1277 2680 AO
1306 2604 1420 2699 ἓ.
1509 2606 1909 2682 Quadratis
1936 2606 2028 2679 ab
2055 2603 2218 2694 AG,
2247 2607 2425 2691 AQ‚'

326 2722 461 2809 Ae,
526 2721 658 2793 AL
710 2720 1158 2816 respondent
1215 2719 1503 2792 numeri
1556 2719 1658 2809 hi,
1714 2726 1927 2809 1250,
1989 2726 2202 2808 1000,
2241 2727 2412 2810 800,

328 2839 503 2906 650.

429 2943 920 3034 Quadratum,
969 2946 1185 3040 juxta
1219 2943 1649 3018 methodum
1684 2967 1948 3032 meam,
1983 2966 2028 3015 a
2060 2942 2265 3016 radio
2302 2956 2430 3017 est*

338 3065 469 3143 16;
507 3058 950 3153 quadratum
966 3058 1075 3130 jab
1104 3058 1263 3146 AO,
1287 3065 1386 3132 20
1418 3081 1436 3141 ;
1473 3055 1919 3153 quadratum
1953 3058 2044 3130 ab
2075 3057 2240 3146 AQ,
2263 3065 2358 3131 25
2389 3088 2428 3141 ;¹

325 3183 402 3245 et
438 3171 877 3267 quadratum
913 3170 1005 3244 ab
1040 3169 1200 3257 AG,
1237 3180 1400 3264 31}-
1508 3170 1840 3266 Uterque
1876 3193 2052 3266 ergo
2089 3169 2412 3243 calculus

324 3285 857 3378 arithmeticuS,
910 3283 1055 3357 mei
1114 3294 1189 3356 et
1238 3282 1455 3372 illius,
1515 3282 1991 3356 consentiunt
2052 3294 2413 3379 quatenus

326 3411 528 3472 recte
589 3406 1063 3495 computatur
1093 3426 1110 3470 ε
1174 3396 1305 3470 sed
1372 3396 1518 3486 ille,
1589 3407 1674 3469 ut
1739 3396 2208 3470 manifestum
2277 3409 2430 3484 est,··

328 3512 517 3584 male
551 3511 1061 3608 computavit.'

430 3625 896 3699 Quadratum
939 3649 1140 3721 ergo,
1175 3621 1483 3718 inquiet,
1519 3622 1614 3695 ab
1648 3621 1783 3696 AG
1816 3645 2063 3695 nonne
2109 3621 2411 3717 duplum

328 3737 471 3808 erit
524 3738 863 3833 quadrati
910 3763 958 3811 a
999 3735 1264 3811 radio?
1367 3736 1482 3808 Ita
1532 3735 1852 3832 quidem,
1890 3734 2193 3831 duplum
2246 3736 2428 3807 erit.-

330 3848 476 3922 Sed
511 3851 792 3924 calculo
843 3851 1310 3925 arithmetico
1350 3873 1729 3947 nunquam
1766 3849 2430 3936 demonstrabitur,

326 3975 629 4059 propter
664 3963 1153 4037 differentiam
1186 3963 1379 4035 inter
1427 3961 1854 4035 continuam
1900 3961 2432 4057 quantitatem,-

327 4088 403 4147 et
438 4074 851 4148 discretam.
958 4076 1078 4148 Ad
1113 4100 1335 4172 quam
1380 4098 1538 4147 rem
1592 4075 1806 4172 plura
1851 4097 1943 4146 ex
1997 4073 2412 4147 differentia

322 4187 451 4260 illa
483 4199 917 4284 argumenta
963 4200 1158 4262 sunt.
1265 4189 1539 4273 Primo,
1571 4187 1768 4283 quod
1821 4188 2014 4261 inter
2050 4187 2233 4260 duos
2273 4213 2411 4260 nu-

323 4324 564 4374 meros
592 4324 758 4373 raro
787 4301 1161 4396 interponi
1195 4299 1477 4373 medius
1512 4311 1777 4396 potest.
1850 4300 2212 4392 SecundO,
2240 4302 2411 4397 quia

329 4414 671 4490 calculus,
716 4415 1224 4489 arithmeticus
1291 4426 1582 4512 separat
1642 4413 2002 4510 quadrata
2062 4438 2194 4510 per
2260 4425 2409 4488 tres

530 4551 717 4605 VOL.
756 4550 870 4603 1v.
2079 4550 2124 4600 L
2165 4549 2210 4599 L
