3094 5125
581 432 718 500 160
1004 450 1538 505 ΕΧΑΜῙΝΑΤΙΟ
1579 454 1682 507 ET
1721 456 2217 509 EMENDATIO

201 633 495 678 nameus
573 638 719 704 sus,
746 616 1207 711 Meybomius
1233 620 1707 716 reprehendit
1759 620 2260 698 definitionem
2315 623 2641 698 Euclidis

312 716 395 756 IV·

204 782 490 820 ψ
571 729 847 818 (Elem.
882 730 977 802 vi.
1018 732 1095 825 5)
1121 744 1208 804 ut
1233 732 1495 806 falsam
1525 766 1544 820 ;
1597 758 1744 808 non
1768 749 2016 809 recte:
2068 748 2360 833 poterat
2393 749 2638 812 tamen

567 852 654 915 ut
686 865 838 916 non
874 841 1374 919 definitionem
1403 878 1422 931 ;
1476 871 1651 920 nam
1683 859 1932 944 potest
1958 849 2463 926 demonstrari.

667 958 768 1030 B.
819 958 917 1030 Et
943 957 1478 1033 demonstravit
1515 962 1874 1035 Hobbius.

664 1068 758 1144 A.
810 1070 1075 1144 Vidisti
1093 1074 1249 1166 jam
1282 1097 1501 1168 quam
1559 1086 1731 1147 sunt
1785 1088 2069 1148 naturae
2117 1075 2508 1165 rationum,
2546 1075 2639 1148 de

566 1207 711 1278 qua
742 1183 1058 1279 litigant,
1095 1185 1312 1258 ambo
1348 1186 1608 1283 ignari.

667 1296 764 1370 B.
819 1297 1127 1394 Reliqua
1184 1323 1362 1395 ergo
1412 1324 1505 1373 ne
1564 1301 1958 1375 examines,
2084 1300 2323 1374 Attuli
2390 1311 2636 1373 autem

563 1434 850 1484 mecum
877 1410 1187 1484 alterum
1221 1411 1428 1484 illum
1448 1413 1717 1486 librum
1742 1415 1922 1510 ejuS,
1958 1414 2081 1487 De
2115 1413 2422 1512 Angulo
2450 1412 2636 1487 Con-

565 1532 828 1613 tactu-s,
865 1524 988 1597 De
1029 1525 1496 1598 Sectionibus
1536 1526 1855 1616 Conicie,
1880 1538 1954 1600 et
1987 1526 2113 1599 De
2146 1528 2216 1599 A
2224 1526 2638 1602 rithmetica

563 1637 1029 1732 Iaegfinitorum
1052 1640 1106 1730 :j
1133 1651 1219 1711 ut
1273 1662 1441 1711 cum
1495 1639 1917 1737 perlegeris,
1962 1641 2413 1714 excutiamus
2446 1640 2638 1714 sicut

561 1750 781 1824 hunc.

661 1864 760 1937 A.
812 1864 1027 1938 Libet
1046 1875 1316 1954 autem,
1329 1875 1720 1961 antequam
1744 1864 2101 1950 discedaS,
2117 1864 2365 1939 videre
2385 1878 2636 1939 utrum

559 1988 757 2050 recte
791 1978 1344 2074 reprehenderit
1411 1979 1910 2053 Mersennum.
2035 1979 2497 2068 MersennuS,
2556 1981 2634 2053 in

562 2091 921 2188 Cogitatis
955 2091 1870 2187 Physico-Mathematicis,
1922 2092 2349 2189 PropertiO,
2372 2092 2633 2188 inquit,

557 2203 1031 2301 aequalitatis,
1057 2204 1278 2277 nihili
1304 2203 1857 2278 similitudinem
1892 2206 2159 2302 refert.
2228 2203 2632 2301 Proportio

557 2318 871 2413 majoris
954 2316 1493 2413 inaequalitatis
1562 2316 1940 2390 attollitur
1996 2341 2232 2416 supra
2299 2316 2628 2391 nihilum.

562 2428 963 2527 Propertio
999 2429 1304 2503 minoris
1336 2428 1876 2526 inaequalitatis
1929 2429 2374 2528 deprimitur
2425 2430 2634 2529 irffra

556 2542 880 2617 nihilum.
989 2541 1270 2618 Contra
1304 2543 1486 2632 haec,
1523 2566 1612 2617 ea
1645 2566 1808 2639 quae
1829 2544 2047 2618 affert
2063 2542 2434 2617 Wallisius
2455 2568 2630 2618 con-

553 2658 883 2731 tinentur
917 2658 1165 2731 omnia
1188 2658 1301 2730 his
1326 2658 1614 2731 verbis:
1673 2658 1821 2742 Qui
1864 2657 2206 2756 simplum
2243 2658 2451 2748 dicit,
2483 2683 2626 2732 non

552 2769 685 2843 ille
737 2793 890 2842 rem
946 2769 1212 2843 nullies
1268 2770 1552 2868 apponi
1611 2770 1990 2869 intelligit,
2026 2771 2169 2845 sed
2212 2772 2438 2845 semel
2462 2799 2492 2856 ,·
2544 2780 2623 2845 et

552 2884 683 2981 qui
708 2882 1142 2981 subduplum
1156 2882 1344 2980 poni
1372 2882 1585 2971 dicit,
1612 2907 1752 2955 non
1781 2883 2076 2981 aliquid
2091 2884 2389 2981 afferri
2415 2884 2626 2974 dicit,

551 2998 694 3071 sed
718 2995 984 3069 saltem
1017 2995 1388 3068 semissem
1406 2996 1622 3093 poni.
1696 2996 1882 3070 Quae
1920 2996 2095 3070 satis
2129 2996 2292 3070 illos
2327 2997 2624 3092 quidem

551 3111 1099 3206 redarguerent,
1127 3109 1251 3206 qui
1285 3109 1649 3205 simplum,
1684 3111 1801 3182 vel
1833 3111 2227 3195 semissem,
2253 3109 2370 3183 vel
2398 3110 2625 3183 trien-

550 3236 701 3299 tem
762 3225 942 3298 nihil
1010 3246 1167 3297 esse
1223 3223 1575 3312 dicerent,
1632 3224 1750 3297 vel
1817 3222 2302 3319 quantitatem
2354 3222 2623 3296 habere

552 3339 870 3424 nullam;
925 3337 1053 3411 sed
1107 3347 1364 3410 contra
1410 3337 1913 3425 Mersennum,
1947 3336 2071 3434 qui
2116 3336 2300 3411 nihil
2358 3336 2623 3409 horum

551 3453 750 3539 dicit,
786 3452 915 3525 sed
965 3451 1358 3538 semissem,
1397 3450 1764 3540 trientem,
1800 3460 1965 3537 etc.,
2008 3449 2282 3545 aliquid
2336 3471 2491 3521 esse
2547 3460 2624 3522 et

548 3568 1031 3663 quantitatem
1065 3564 1451 3661 positivam
1487 3587 1648 3637 esse
1683 3561 2046 3652 concedit,
2083 3562 2266 3635 nihil
2313 3561 2619 3635 faciunt.

550 3681 742 3753 Nam
794 3679 986 3752 illius
1026 3676 1292 3766 verbis„
1329 3701 1478 3750 non
1526 3677 1901 3751 semissem
1961 3699 2197 3772 neque
2251 3676 2619 3767 trientem,

547 3805 713 3883 etc.,
742 3791 1014 3887 aliquid
1049 3814 1207 3863 esse
1241 3803 1576 3886 negatur,
1605 3790 1736 3864 sed
1778 3800 2066 3863 tantum
2104 3790 2422 3863 semissis
2471 3791 2621 3863 sive

548 3905 858 3993 trientiS,
918 3914 1085 3991 ete„
1133 3901 1229 3974 ad
1287 3902 1656 3998 integrum
1712 3903 2072 3975 rationem
2132 3902 2620 3997 quantitatem

545 4021 838 4107 habere,
866 4016 944 4090 id
976 4026 1311 4111 negatur.
1383 4014 1469 4087 In
1495 4014 1829 4111 legendis
1867 4038 2043 4111 ergo
2080 4014 2619 4090 mathematicis

545 4158 692 4207 non
718 4132 934 4206 nimis
968 4142 1079 4203 est
1105 4140 1386 4201 acutus,

642 4235 742 4307 B.
798 4233 944 4307 Sed
982 4230 1179 4304 nosti
1224 4230 1438 4325 juxta
1494 4227 1937 4302 sententiam
1979 4228 2314 4317 Wallisii,
2365 4228 2617 4302 semis-

543 4370 721 4437 sem,
759 4359 836 4420 et
880 4344 1194 4420 semissis
1242 4343 1341 4419 ad
1384 4355 1623 4417 totum
1679 4342 2063 4431 rationem,
2100 4342 2409 4416 eandem
2458 4362 2613 4413 esse

543 4483 721 4532 rem.
