3094 5125
956 498 1515 553 PnomAEMATA
1556 500 1929 553 PanmA.
2336 489 2470 553 351

505 664 601 736 B.
660 664 1051 754 Nimirum,
1088 664 1381 762 quando
1417 667 1649 739 nubes
1683 678 1760 739 et
1794 665 2041 761 pluvia
2075 677 2247 738 sunt
2291 666 2486 740 infra
2589 692 2724 732 cn.
2756 691 2839 731 v1.

404 778 860 852 horizontem
896 779 971 852 in
1004 779 1169 853 looo
1194 778 1391 853 unde
1416 779 1651 853 videri
1683 780 1916 853 nubes
1941 802 2090 853 non
2114 788 2483 876 poterant,
2510 818 2578 862 n„
2592 818 2912 875 ,1„„,‚,m,0‚

405 914 541 964 nec
568 891 806 965 audiri
840 892 1187 967 tonitrua.
2506 883 2815 996 ssffiffuzoeli
2840 896 2909 928 va·

507 1005 604 1077 A.
665 1004 919 1079 Nubes
939 1005 1308 1102 congelari
1341 1006 1621 1102 primus
1647 1005 2032 1102 supposuit
2055 1005 2434 1079 Cartesius
2464 1034 2481 1078 ε

406 1130 482 1190 et
515 1118 689 1192 inde
724 1120 1152 1215 contingere
1180 1118 1599 1215 aliquando,
1622 1130 1706 1192 ut
1733 1118 2049 1215 plurima
2070 1117 2487 1214 fragmenta

403 1230 664 1326 glaciei
714 1232 938 1305 situm
986 1231 1182 1306 inter
1228 1255 1306 1305 se
1354 1233 1578 1306 talem
1625 1233 1968 1318 habeant,
2004 1242 2091 1305 ut
2135 1243 2484 1329 tanquam

404 1345 709 1418 totidem
760 1347 1055 1443 specula
1107 1346 1351 1444 plures
1410 1347 1765 1444 imagines
1820 1346 1997 1421 solis
2056 1346 2135 1422 in
2189 1348 2480 1422 oculum

405 1459 886 1534 reflecterent.

1196 2052 1407 2127 CAP.
1471 2052 1635 2125 VII.

376 2248 960 2301 .PROBLEMATA
1044 2250 1152 2301 DE
1229 2250 1464 2303 MOTU
1553 2248 2297 2302 PERPENDICULARI
2382 2252 2481 2303 ΕΤ

505 2362 923 2423 OBLIQUO:
981 2364 1412 2416 REFRACTO
1452 2364 1556 2417 ΕΤ
1595 2361 1979 2415 REFLssxo
2013 2369 2031 2412 ξ
2090 2364 2198 2414 DE
2238 2364 2480 2416 PREs-

506 2477 760 2529 SIONE
818 2478 920 2530 ΕΤ
981 2479 1607 2532 PERCUSSIONE:
1664 2477 1775 2528 DE:
1832 2476 2312 2530 TRACTIONE
2377 2479 2481 2530 ΕΤ

503 2591 947 2644 PULSIONE.

503 2718 598 2790 Α.
656 2718 743 2791 S1
779 2719 928 2815 pila
960 2744 1006 2792 a
1040 2719 1211 2793 dato
1238 2730 1511 2817 puncto
1541 2721 1898 2818 parietem
1927 2720 2146 2794 feriat
2170 2744 2478 2818 perpen-

406 2830 855 2919 diculariter,
910 2845 987 2906 et
1052 2856 1304 2908 rursus
1366 2835 1457 2907 ab
1512 2834 1773 2907 eodem
1830 2846 2110 2930 puncto
2162 2835 2476 2908 eundem

398 2944 755 3042 parietem
802 2946 1120 3042 oblique,
1156 2971 1492 3044 quaenam
1545 2948 1690 3021 erit
1728 2947 1917 3021 ratio
1971 2947 2236 3020 virium
2282 2949 2478 3021 inter

400 3082 479 3132 se
535 3058 800 3156 quibus
858 3059 1216 3156 parietem
1269 3059 1587 3156 urgent?
1690 3059 2022 3156 Exempli
2083 3083 2325 3146 causa,
2380 3062 2477 3134 sit

399 3174 640 3271 paries
675 3173 843 3263 AB,
867 3173 1122 3246 datum
1155 3185 1511 3270 punctum
1544 3174 1632 3263 E,
1660 3173 2024 3269 solopetus
2059 3172 2214 3262 GE,
2251 3198 2297 3246 a
2329 3198 2475 3271 quo

399 3288 777 3360 emittatur
809 3286 961 3384 pila
992 3287 1694 3384 perpendiculariter
1727 3286 1823 3360 ad
1852 3288 1930 3359 F.
2001 3287 2259 3383 Sitque
2293 3289 2478 3361 solo-

397 3414 612 3496 petus
649 3399 837 3474 alter
871 3401 1042 3490 DE,
1074 3425 1120 3474 a
1153 3425 1300 3499 quo
1330 3401 1594 3474 emissa
1623 3401 1777 3499 pila
1808 3399 2087 3474 incidat
2132 3401 2208 3474 in
2243 3402 2473 3497 parie-

401 3526 551 3586 tem
610 3512 705 3586 ad
764 3513 830 3588 G
890 3514 1209 3611 oblique,
1268 3513 1398 3588 sed
1455 3514 1847 3588 velocitate
1905 3514 2090 3611 pari.
2230 3514 2475 3590 Quam

401 3627 762 3700 rationem
795 3627 1174 3702 habebunt
1205 3629 1400 3702 inter
1434 3651 1512 3701 se
1547 3651 1798 3702 earum
1833 3629 2075 3702 ictus?

497 3738 594 3812 B.
632 3740 760 3812 Vis
781 3739 970 3815 ictus
995 3765 1152 3838 per·
1403 3742 1436 3779 Α
1489 3740 1522 3778 '²‘
1846 3738 1884 3776 ‘³
2388 3743 2423 3781 Β

399 3852 886 3949 pendicularis
899 3855 1040 3928 erit
1060 3855 1155 3928 ad

401 3966 550 4038 vim
633 3966 999 4063 obliquam
1075 3969 1151 4040 in

402 4080 689 4153 ratione
743 4092 963 4154 rectae
1017 4082 1154 4156 EG

400 4193 498 4266 ad
532 4203 804 4266 rectam
840 4194 901 4266 E
917 4195 993 4266 F.

502 4306 601 4378 A.
657 4305 806 4380 Qui
838 4305 1000 4378 fieri
1024 4329 1146 4401 po-
1211 4328 1249 4368 n

400 4426 547 4491 test
567 4430 655 4491 ut
677 4428 885 4516 tanta
895 4419 991 4492 sit
1012 4417 1143 4492 dif—
1435 4421 1464 4456 ⁶
