<?xml version="1.0" encoding="UTF-8"?>
<!DOCTYPE html PUBLIC "-//W3C//DTD XHTML 1.0 Transitional//EN"
    "http://www.w3.org/TR/xhtml1/DTD/xhtml1-transitional.dtd">
<html xmlns="http://www.w3.org/1999/xhtml" xml:lang="en" lang="en">
 <head>
  <title>
</title>
<meta http-equiv="Content-Type" content="text/html;charset=utf-8" />
  <meta name='ocr-system' content='tesseract 3.04.00' />
  <meta name='ocr-capabilities' content='ocr_page ocr_carea ocr_par ocr_line ocrx_word'/>
</head>
<body>
  <div class='ocr_page' id='page_1' title='image "./thomhobbesmalme02molegoog_0288.png"; bbox 0 0 3094 5125; ppageno 0'>
   <div class='ocr_carea' id='block_1_1' title="bbox 544 422 1974 519">
    <p class='ocr_par' dir='ltr' id='par_1_1' title="bbox 544 422 1974 519">
     <span class='ocr_line' id='line_1_1' title="bbox 544 422 1974 519; baseline -0.006 -26"><span class='ocrx_word' id='word_1_1' title='bbox 544 422 690 503; x_wconf 83' lang='lat'>276</span> <span class='ocrx_word' id='word_1_2' title='bbox 1174 436 1282 487; x_wconf 73' lang='lat' dir='ltr'>nn</span> <span class='ocrx_word' id='word_1_3' title='bbox 1326 434 1664 519; x_wconf 50' lang='lat' dir='ltr'>NATURA</span> <span class='ocrx_word' id='word_1_4' title='bbox 1703 434 1974 485; x_wconf 70' lang='lat' dir='ltr'>Anam.</span> 
     </span>
    </p>
   </div>
   <div class='ocr_carea' id='block_1_2' title="bbox 538 599 2651 4547">
    <p class='ocr_par' dir='ltr' id='par_1_2' title="bbox 541 599 2639 1152">
     <span class='ocr_line' id='line_1_2' title="bbox 541 599 2638 696; baseline -0.002 -18"><span class='ocrx_word' id='word_1_5' title='bbox 541 605 880 678; x_wconf 87' lang='lat' dir='ltr'>lanorum</span> <span class='ocrx_word' id='word_1_6' title='bbox 919 600 1224 696; x_wconf 86' lang='lat' dir='ltr'>hydriis,</span> <span class='ocrx_word' id='word_1_7' title='bbox 1262 624 1577 696; x_wconf 84' lang='lat' dir='ltr'>superne</span> <span class='ocrx_word' id='word_1_8' title='bbox 1613 599 1875 673; x_wconf 88' lang='lat' dir='ltr'>clausis</span> <span class='ocrx_word' id='word_1_9' title='bbox 1912 613 1988 674; x_wconf 91' lang='lat' dir='ltr'>et</span> <span class='ocrx_word' id='word_1_10' title='bbox 2022 601 2296 674; x_wconf 80' lang='lat' dir='ltr'>crebris</span> <span class='ocrx_word' id='word_1_11' title='bbox 2329 600 2638 674; x_wconf 66' lang='lat' dir='ltr'>forami-2</span> 
     </span>
     <span class='ocr_line' id='line_1_3' title="bbox 543 714 2636 811; baseline -0.002 -20"><span class='ocrx_word' id='word_1_12' title='bbox 543 719 759 792; x_wconf 92' lang='lat' dir='ltr'>nibus</span> <span class='ocrx_word' id='word_1_13' title='bbox 794 716 1074 789; x_wconf 86' lang='lat' dir='ltr'>inferne</span> <span class='ocrx_word' id='word_1_14' title='bbox 1117 714 1461 811; x_wconf 79' lang='lat' dir='ltr'>pertusiS,</span> <span class='ocrx_word' id='word_1_15' title='bbox 1497 738 1690 809; x_wconf 90' lang='lat' dir='ltr'>aqua</span> <span class='ocrx_word' id='word_1_16' title='bbox 1740 738 1889 787; x_wconf 92' lang='lat' dir='ltr'>non</span> <span class='ocrx_word' id='word_1_17' title='bbox 1926 715 2331 788; x_wconf 90' lang='lat' dir='ltr'>descendit.</span> <span class='ocrx_word' id='word_1_18' title='bbox 2435 717 2636 788; x_wconf 86' lang='lat' dir='ltr'>Nam</span> 
     </span>
     <span class='ocr_line' id='line_1_4' title="bbox 542 827 2639 924; baseline -0.002 -18"><span class='ocrx_word' id='word_1_19' title='bbox 542 832 742 918; x_wconf 87' lang='lat' dir='ltr'>talia,</span> <span class='ocrx_word' id='word_1_20' title='bbox 778 828 1144 924; x_wconf 87' lang='lat' dir='ltr'>inquiunt,</span> <span class='ocrx_word' id='word_1_21' title='bbox 1182 839 1619 923; x_wconf 87' lang='lat' dir='ltr'>argumenta</span> <span class='ocrx_word' id='word_1_22' title='bbox 1662 827 1806 899; x_wconf 90' lang='lat' dir='ltr'>huc</span> <span class='ocrx_word' id='word_1_23' title='bbox 1848 840 2134 902; x_wconf 89' lang='lat' dir='ltr'>tantum</span> <span class='ocrx_word' id='word_1_24' title='bbox 2170 829 2510 918; x_wconf 89' lang='lat' dir='ltr'>tendunt,</span> <span class='ocrx_word' id='word_1_25' title='bbox 2546 845 2639 902; x_wconf 90' lang='lat' dir='ltr'>ut·</span> 
     </span>
     <span class='ocr_line' id='line_1_5' title="bbox 543 941 2638 1040; baseline -0.001 -22"><span class='ocrx_word' id='word_1_26' title='bbox 543 944 786 1018; x_wconf 91' lang='lat' dir='ltr'>nullus</span> <span class='ocrx_word' id='word_1_27' title='bbox 823 942 1041 1014; x_wconf 87' lang='lat' dir='ltr'>detur</span> <span class='ocrx_word' id='word_1_28' title='bbox 1068 941 1271 1014; x_wconf 88' lang='lat' dir='ltr'>locus</span> <span class='ocrx_word' id='word_1_29' title='bbox 1312 941 1387 1013; x_wconf 91' lang='lat' dir='ltr'>in</span> <span class='ocrx_word' id='word_1_30' title='bbox 1424 941 1846 1036; x_wconf 86' lang='lat' dir='ltr'>regionibus</span> <span class='ocrx_word' id='word_1_31' title='bbox 1871 942 1984 1016; x_wconf 91' lang='lat' dir='ltr'>his</span> <span class='ocrx_word' id='word_1_32' title='bbox 2011 943 2477 1017; x_wconf 89' lang='lat' dir='ltr'>inferioribus</span> <span class='ocrx_word' id='word_1_33' title='bbox 2505 943 2638 1040; x_wconf 89' lang='lat' dir='ltr'>qui</span> 
     </span>
     <span class='ocr_line' id='line_1_6' title="bbox 544 1053 2396 1152; baseline 0 -23"><span class='ocrx_word' id='word_1_34' title='bbox 544 1081 697 1130; x_wconf 86' lang='lat' dir='ltr'>non</span> <span class='ocrx_word' id='word_1_35' title='bbox 736 1056 837 1128; x_wconf 90' lang='lat' dir='ltr'>sit</span> <span class='ocrx_word' id='word_1_36' title='bbox 870 1066 1003 1126; x_wconf 91' lang='lat' dir='ltr'>aut</span> <span class='ocrx_word' id='word_1_37' title='bbox 1036 1078 1342 1149; x_wconf 88' lang='lat' dir='ltr'>corpore</span> <span class='ocrx_word' id='word_1_38' title='bbox 1379 1053 1647 1126; x_wconf 87' lang='lat' dir='ltr'>visibili</span> <span class='ocrx_word' id='word_1_39' title='bbox 1684 1065 1812 1126; x_wconf 90' lang='lat' dir='ltr'>aut</span> <span class='ocrx_word' id='word_1_40' title='bbox 1846 1079 2014 1127; x_wconf 89' lang='lat' dir='ltr'>aere</span> <span class='ocrx_word' id='word_1_41' title='bbox 2049 1056 2396 1152; x_wconf 77' lang='lat' dir='ltr'>repletus,</span> 
     </span>
    </p>

    <p class='ocr_par' dir='ltr' id='par_1_3' title="bbox 538 1166 2650 4190">
     <span class='ocr_line' id='line_1_7' title="bbox 645 1166 2639 1264; baseline -0.001 -23"><span class='ocrx_word' id='word_1_42' title='bbox 645 1168 741 1241; x_wconf 88' lang='lat' dir='ltr'>A.</span> <span class='ocrx_word' id='word_1_43' title='bbox 795 1167 1034 1239; x_wconf 89' lang='lat' dir='ltr'>Nemo</span> <span class='ocrx_word' id='word_1_44' title='bbox 1091 1179 1212 1238; x_wconf 91' lang='lat' dir='ltr'>est</span> <span class='ocrx_word' id='word_1_45' title='bbox 1258 1189 1511 1237; x_wconf 89' lang='lat' dir='ltr'>eorum</span> <span class='ocrx_word' id='word_1_46' title='bbox 1562 1189 1748 1260; x_wconf 91' lang='lat' dir='ltr'>quos</span> <span class='ocrx_word' id='word_1_47' title='bbox 1803 1166 2179 1264; x_wconf 72' lang='lat' dir='ltr'>plenistas</span> <span class='ocrx_word' id='word_1_48' title='bbox 2229 1193 2467 1258; x_wconf 83' lang='lat' dir='ltr'>vocas,</span> <span class='ocrx_word' id='word_1_49' title='bbox 2507 1169 2639 1264; x_wconf 86' lang='lat' dir='ltr'>qui</span> 
     </span>
     <span class='ocr_line' id='line_1_8' title="bbox 551 1278 2639 1377; baseline -0.001 -22"><span class='ocrx_word' id='word_1_50' title='bbox 551 1305 863 1356; x_wconf 89' lang='lat' dir='ltr'>vacuum</span> <span class='ocrx_word' id='word_1_51' title='bbox 899 1279 1112 1351; x_wconf 91' lang='lat' dir='ltr'>aliter</span> <span class='ocrx_word' id='word_1_52' title='bbox 1146 1278 1492 1373; x_wconf 85' lang='lat' dir='ltr'>intelligit</span> <span class='ocrx_word' id='word_1_53' title='bbox 1521 1301 1742 1372; x_wconf 91' lang='lat' dir='ltr'>quam</span> <span class='ocrx_word' id='word_1_54' title='bbox 1775 1304 1912 1376; x_wconf 88' lang='lat' dir='ltr'>pro</span> <span class='ocrx_word' id='word_1_55' title='bbox 1946 1280 2110 1354; x_wconf 91' lang='lat' dir='ltr'>loco</span> <span class='ocrx_word' id='word_1_56' title='bbox 2137 1282 2213 1353; x_wconf 90' lang='lat' dir='ltr'>in</span> <span class='ocrx_word' id='word_1_57' title='bbox 2249 1306 2396 1377; x_wconf 91' lang='lat' dir='ltr'>quo</span> <span class='ocrx_word' id='word_1_58' title='bbox 2434 1280 2639 1353; x_wconf 90' lang='lat' dir='ltr'>nulla</span> 
     </span>
     <span class='ocr_line' id='line_1_9' title="bbox 552 1392 2637 1490; baseline -0.001 -22"><span class='ocrx_word' id='word_1_59' title='bbox 552 1394 852 1469; x_wconf 84' lang='lat' dir='ltr'>omnino</span> <span class='ocrx_word' id='word_1_60' title='bbox 917 1392 1327 1465; x_wconf 89' lang='lat' dir='ltr'>substantia</span> <span class='ocrx_word' id='word_1_61' title='bbox 1386 1404 1499 1465; x_wconf 90' lang='lat' dir='ltr'>est</span> <span class='ocrx_word' id='word_1_62' title='bbox 1563 1416 1936 1488; x_wconf 87' lang='lat' dir='ltr'>corporea.</span> <span class='ocrx_word' id='word_1_63' title='bbox 2043 1394 2122 1467; x_wconf 90' lang='lat' dir='ltr'>Si</span> <span class='ocrx_word' id='word_1_64' title='bbox 2178 1395 2343 1489; x_wconf 89' lang='lat' dir='ltr'>quis</span> <span class='ocrx_word' id='word_1_65' title='bbox 2401 1393 2637 1490; x_wconf 85' lang='lat' dir='ltr'>negli-</span> 
     </span>
     <span class='ocr_line' id='line_1_10' title="bbox 549 1504 2639 1606; baseline -0 -26"><span class='ocrx_word' id='word_1_66' title='bbox 549 1508 842 1605; x_wconf 88' lang='lat' dir='ltr'>gentius</span> <span class='ocrx_word' id='word_1_67' title='bbox 896 1505 1242 1601; x_wconf 83' lang='lat' dir='ltr'>loquutus</span> <span class='ocrx_word' id='word_1_68' title='bbox 1299 1504 1592 1589; x_wconf 84' lang='lat' dir='ltr'>dixerit,</span> <span class='ocrx_word' id='word_1_69' title='bbox 1652 1505 1728 1577; x_wconf 80' lang='lat' dir='ltr'>in</span> <span class='ocrx_word' id='word_1_70' title='bbox 1789 1532 1933 1603; x_wconf 83' lang='lat' dir='ltr'>quo</span> <span class='ocrx_word' id='word_1_71' title='bbox 1991 1532 2131 1580; x_wconf 80' lang='lat' dir='ltr'>non</span> <span class='ocrx_word' id='word_1_72' title='bbox 2196 1508 2300 1581; x_wconf 73' lang='lat' dir='ltr'>sit</span> <span class='ocrx_word' id='word_1_73' title='bbox 2367 1513 2639 1606; x_wconf 61' lang='lat' dir='ltr'>corpus</span> 
     </span>
     <span class='ocr_line' id='line_1_11' title="bbox 551 1618 2635 1716; baseline -0.002 -20"><span class='ocrx_word' id='word_1_74' title='bbox 551 1620 841 1696; x_wconf 72' lang='lat' dir='ltr'>visibile</span> <span class='ocrx_word' id='word_1_75' title='bbox 873 1618 987 1691; x_wconf 83' lang='lat' dir='ltr'>vel</span> <span class='ocrx_word' id='word_1_76' title='bbox 1017 1642 1176 1708; x_wconf 84' lang='lat' dir='ltr'>aer,</span> <span class='ocrx_word' id='word_1_77' title='bbox 1214 1618 1379 1692; x_wconf 92' lang='lat' dir='ltr'>ideo</span> <span class='ocrx_word' id='word_1_78' title='bbox 1426 1618 1635 1708; x_wconf 85' lang='lat' dir='ltr'>dixit,</span> <span class='ocrx_word' id='word_1_79' title='bbox 1691 1621 1862 1715; x_wconf 88' lang='lat' dir='ltr'>quia</span> <span class='ocrx_word' id='word_1_80' title='bbox 1909 1645 2041 1716; x_wconf 90' lang='lat' dir='ltr'>per</span> <span class='ocrx_word' id='word_1_81' title='bbox 2096 1646 2339 1695; x_wconf 91' lang='lat' dir='ltr'>aerem</span> <span class='ocrx_word' id='word_1_82' title='bbox 2393 1631 2635 1694; x_wconf 90' lang='lat' dir='ltr'>totum</span> 
     </span>
     <span class='ocr_line' id='line_1_12' title="bbox 551 1732 2641 1829; baseline -0.002 -19"><span class='ocrx_word' id='word_1_83' title='bbox 551 1735 737 1810; x_wconf 87' lang='lat' dir='ltr'>illud</span> <span class='ocrx_word' id='word_1_84' title='bbox 770 1732 1132 1806; x_wconf 87' lang='lat' dir='ltr'>intellexit</span> <span class='ocrx_word' id='word_1_85' title='bbox 1171 1757 1459 1829; x_wconf 82' lang='lat' dir='ltr'>corpus,</span> <span class='ocrx_word' id='word_1_86' title='bbox 1490 1732 1689 1827; x_wconf 92' lang='lat' dir='ltr'>quod</span> <span class='ocrx_word' id='word_1_87' title='bbox 1723 1745 1992 1829; x_wconf 87' lang='lat' dir='ltr'>praeter</span> <span class='ocrx_word' id='word_1_88' title='bbox 2026 1747 2299 1808; x_wconf 89' lang='lat' dir='ltr'>terram</span> <span class='ocrx_word' id='word_1_89' title='bbox 2334 1745 2410 1807; x_wconf 89' lang='lat' dir='ltr'>et</span> <span class='ocrx_word' id='word_1_90' title='bbox 2437 1748 2641 1806; x_wconf 89' lang='lat' dir='ltr'>astra</span> 
     </span>
     <span class='ocr_line' id='line_1_13' title="bbox 556 1845 2640 1944; baseline -0.001 -22"><span class='ocrx_word' id='word_1_91' title='bbox 556 1848 921 1944; x_wconf 91' lang='lat' dir='ltr'>reliquum</span> <span class='ocrx_word' id='word_1_92' title='bbox 982 1845 1300 1941; x_wconf 90' lang='lat' dir='ltr'>spatium</span> <span class='ocrx_word' id='word_1_93' title='bbox 1361 1869 1577 1917; x_wconf 90' lang='lat' dir='ltr'>omne</span> <span class='ocrx_word' id='word_1_94' title='bbox 1626 1847 1968 1943; x_wconf 90' lang='lat' dir='ltr'>complet.</span> <span class='ocrx_word' id='word_1_95' title='bbox 2097 1847 2269 1921; x_wconf 90' lang='lat' dir='ltr'>Illos</span> <span class='ocrx_word' id='word_1_96' title='bbox 2321 1848 2449 1944; x_wconf 91' lang='lat' dir='ltr'>qui</span> <span class='ocrx_word' id='word_1_97' title='bbox 2494 1848 2640 1920; x_wconf 85' lang='lat' dir='ltr'>hoc</span> 
     </span>
     <span class='ocr_line' id='line_1_14' title="bbox 554 1959 2639 2057; baseline -0.002 -21"><span class='ocrx_word' id='word_1_98' title='bbox 554 1973 856 2057; x_wconf 84' lang='lat' dir='ltr'>negant,</span> <span class='ocrx_word' id='word_1_99' title='bbox 913 1983 1062 2033; x_wconf 91' lang='lat' dir='ltr'>non</span> <span class='ocrx_word' id='word_1_100' title='bbox 1108 1960 1419 2033; x_wconf 88' lang='lat' dir='ltr'>aliorum</span> <span class='ocrx_word' id='word_1_101' title='bbox 1475 1961 1879 2033; x_wconf 88' lang='lat' dir='ltr'>sententias</span> <span class='ocrx_word' id='word_1_102' title='bbox 1938 1961 2256 2035; x_wconf 83' lang='lat' dir='ltr'>arbitror</span> <span class='ocrx_word' id='word_1_103' title='bbox 2311 1959 2639 2034; x_wconf 88' lang='lat' dir='ltr'>animad-</span> 
     </span>
     <span class='ocr_line' id='line_1_15' title="bbox 556 2072 2641 2170; baseline -0.001 -22"><span class='ocrx_word' id='word_1_104' title='bbox 556 2075 885 2161; x_wconf 88' lang='lat' dir='ltr'>vertisse,</span> <span class='ocrx_word' id='word_1_105' title='bbox 936 2072 1252 2168; x_wconf 88' lang='lat' dir='ltr'>propriis</span> <span class='ocrx_word' id='word_1_106' title='bbox 1305 2072 1659 2145; x_wconf 80' lang='lat' dir='ltr'>intentos,</span> <span class='ocrx_word' id='word_1_107' title='bbox 1757 2072 1911 2146; x_wconf 74' lang='lat' dir='ltr'>Qui</span> <span class='ocrx_word' id='word_1_108' title='bbox 1956 2097 2087 2170; x_wconf 91' lang='lat' dir='ltr'>per</span> <span class='ocrx_word' id='word_1_109' title='bbox 2140 2073 2459 2147; x_wconf 88' lang='lat' dir='ltr'>fistulam</span> <span class='ocrx_word' id='word_1_110' title='bbox 2512 2097 2641 2146; x_wconf 88' lang='lat' dir='ltr'>ore</span> 
     </span>
     <span class='ocr_line' id='line_1_16' title="bbox 557 2184 2641 2282; baseline -0.001 -21"><span class='ocrx_word' id='word_1_111' title='bbox 557 2211 827 2282; x_wconf 86' lang='lat' dir='ltr'>aquam</span> <span class='ocrx_word' id='word_1_112' title='bbox 861 2186 1085 2281; x_wconf 86' lang='lat' dir='ltr'>sugit,</span> <span class='ocrx_word' id='word_1_113' title='bbox 1121 2208 1365 2258; x_wconf 88' lang='lat' dir='ltr'>aerem</span> <span class='ocrx_word' id='word_1_114' title='bbox 1401 2184 1722 2257; x_wconf 89' lang='lat' dir='ltr'>medium</span> <span class='ocrx_word' id='word_1_115' title='bbox 1763 2185 1966 2280; x_wconf 88' lang='lat' dir='ltr'>prius</span> <span class='ocrx_word' id='word_1_116' title='bbox 2013 2185 2234 2281; x_wconf 85' lang='lat' dir='ltr'>sugit,</span> <span class='ocrx_word' id='word_1_117' title='bbox 2289 2209 2437 2281; x_wconf 91' lang='lat' dir='ltr'>quo</span> <span class='ocrx_word' id='word_1_118' title='bbox 2492 2186 2641 2258; x_wconf 90' lang='lat' dir='ltr'>dis-</span> 
     </span>
     <span class='ocr_line' id='line_1_17' title="bbox 559 2300 2638 2394; baseline 0 -22"><span class='ocrx_word' id='word_1_119' title='bbox 559 2312 809 2373; x_wconf 87' lang='lat' dir='ltr'>tentus</span> <span class='ocrx_word' id='word_1_120' title='bbox 878 2321 1122 2372; x_wconf 88' lang='lat' dir='ltr'>aerem</span> <span class='ocrx_word' id='word_1_121' title='bbox 1190 2310 1579 2371; x_wconf 86' lang='lat' dir='ltr'>externum</span> <span class='ocrx_word' id='word_1_122' title='bbox 1637 2311 1964 2371; x_wconf 83' lang='lat' dir='ltr'>removet</span> <span class='ocrx_word' id='word_1_123' title='bbox 2000 2325 2020 2370; x_wconf 75' lang='lat' dir='ltr'><strong><em>z</em></strong></span> <span class='ocrx_word' id='word_1_124' title='bbox 2099 2300 2222 2394; x_wconf 90' lang='lat' dir='ltr'>qui</span> <span class='ocrx_word' id='word_1_125' title='bbox 2291 2312 2638 2388; x_wconf 81' lang='lat' dir='ltr'>remotuS,</span> 
     </span>
     <span class='ocr_line' id='line_1_18' title="bbox 559 2409 2641 2507; baseline 0 -21"><span class='ocrx_word' id='word_1_126' title='bbox 559 2414 803 2486; x_wconf 90' lang='lat' dir='ltr'>locum</span> <span class='ocrx_word' id='word_1_127' title='bbox 845 2410 950 2503; x_wconf 90' lang='lat' dir='ltr'>(in</span> <span class='ocrx_word' id='word_1_128' title='bbox 972 2410 1220 2506; x_wconf 93' lang='lat' dir='ltr'>pleno)</span> <span class='ocrx_word' id='word_1_129' title='bbox 1262 2409 1533 2482; x_wconf 89' lang='lat' dir='ltr'>habere</span> <span class='ocrx_word' id='word_1_130' title='bbox 1569 2410 1710 2483; x_wconf 91' lang='lat' dir='ltr'>nisi</span> <span class='ocrx_word' id='word_1_131' title='bbox 1743 2412 2156 2507; x_wconf 88' lang='lat' dir='ltr'>proximum</span> <span class='ocrx_word' id='word_1_132' title='bbox 2195 2413 2641 2486; x_wconf 88' lang='lat' dir='ltr'>removendo</span> 
     </span>
     <span class='ocr_line' id='line_1_19' title="bbox 561 2522 2643 2623; baseline 0.001 -25"><span class='ocrx_word' id='word_1_133' title='bbox 561 2548 712 2599; x_wconf 89' lang='lat' dir='ltr'>non</span> <span class='ocrx_word' id='word_1_134' title='bbox 751 2535 1034 2619; x_wconf 82' lang='lat' dir='ltr'>potest:</span> <span class='ocrx_word' id='word_1_135' title='bbox 1089 2534 1164 2596; x_wconf 92' lang='lat' dir='ltr'>et</span> <span class='ocrx_word' id='word_1_136' title='bbox 1198 2523 1303 2596; x_wconf 90' lang='lat' dir='ltr'>sic</span> <span class='ocrx_word' id='word_1_137' title='bbox 1338 2522 1693 2597; x_wconf 89' lang='lat' dir='ltr'>continua</span> <span class='ocrx_word' id='word_1_138' title='bbox 1741 2524 2072 2622; x_wconf 89' lang='lat' dir='ltr'>pulsione</span> <span class='ocrx_word' id='word_1_139' title='bbox 2119 2551 2310 2623; x_wconf 88' lang='lat' dir='ltr'>aqua</span> <span class='ocrx_word' id='word_1_140' title='bbox 2345 2526 2643 2601; x_wconf 88' lang='lat' dir='ltr'>tandem</span> 
     </span>
     <span class='ocr_line' id='line_1_20' title="bbox 560 2636 2643 2738; baseline 0.002 -28"><span class='ocrx_word' id='word_1_141' title='bbox 560 2637 859 2733; x_wconf 89' lang='lat' dir='ltr'>pellitur</span> <span class='ocrx_word' id='word_1_142' title='bbox 895 2637 971 2708; x_wconf 90' lang='lat' dir='ltr'>in</span> <span class='ocrx_word' id='word_1_143' title='bbox 1019 2636 1363 2724; x_wconf 90' lang='lat' dir='ltr'>fistulam,</span> <span class='ocrx_word' id='word_1_144' title='bbox 1400 2638 1871 2736; x_wconf 87' lang='lat' dir='ltr'>succeditque</span> <span class='ocrx_word' id='word_1_145' title='bbox 1907 2641 2060 2714; x_wconf 89' lang='lat' dir='ltr'>aeri</span> <span class='ocrx_word' id='word_1_146' title='bbox 2110 2642 2235 2737; x_wconf 91' lang='lat' dir='ltr'>qui</span> <span class='ocrx_word' id='word_1_147' title='bbox 2276 2641 2643 2738; x_wconf 84' lang='lat' dir='ltr'>exugitur.</span> 
     </span>
     <span class='ocr_line' id='line_1_21' title="bbox 565 2749 2646 2851; baseline 0.003 -29"><span class='ocrx_word' id='word_1_148' title='bbox 565 2751 655 2822; x_wconf 90' lang='lat' dir='ltr'>In</span> <span class='ocrx_word' id='word_1_149' title='bbox 687 2749 965 2846; x_wconf 89' lang='lat' dir='ltr'>hydriis</span> <span class='ocrx_word' id='word_1_150' title='bbox 997 2761 1246 2823; x_wconf 88' lang='lat' dir='ltr'>autem</span> <span class='ocrx_word' id='word_1_151' title='bbox 1282 2749 1670 2847; x_wconf 83' lang='lat' dir='ltr'>perforatis</span> <span class='ocrx_word' id='word_1_152' title='bbox 1710 2752 1876 2826; x_wconf 90' lang='lat' dir='ltr'>ideo</span> <span class='ocrx_word' id='word_1_153' title='bbox 1916 2753 2148 2828; x_wconf 85' lang='lat' dir='ltr'>haeret</span> <span class='ocrx_word' id='word_1_154' title='bbox 2201 2779 2414 2851; x_wconf 86' lang='lat' dir='ltr'>aqua,</span> <span class='ocrx_word' id='word_1_155' title='bbox 2473 2757 2646 2851; x_wconf 90' lang='lat' dir='ltr'>quia</span> 
     </span>
     <span class='ocr_line' id='line_1_22' title="bbox 565 2863 2648 2964; baseline 0.003 -29"><span class='ocrx_word' id='word_1_156' title='bbox 565 2887 730 2958; x_wconf 87' lang='lat' dir='ltr'>quae</span> <span class='ocrx_word' id='word_1_157' title='bbox 785 2887 917 2959; x_wconf 89' lang='lat' dir='ltr'>per</span> <span class='ocrx_word' id='word_1_158' title='bbox 975 2863 1340 2936; x_wconf 90' lang='lat' dir='ltr'>tantillum</span> <span class='ocrx_word' id='word_1_159' title='bbox 1396 2863 1729 2938; x_wconf 87' lang='lat' dir='ltr'>foramen</span> <span class='ocrx_word' id='word_1_160' title='bbox 1783 2868 2087 2941; x_wconf 88' lang='lat' dir='ltr'>exiturit</span> <span class='ocrx_word' id='word_1_161' title='bbox 2139 2868 2322 2942; x_wconf 89' lang='lat' dir='ltr'>adeo</span> <span class='ocrx_word' id='word_1_162' title='bbox 2384 2871 2648 2964; x_wconf 85' lang='lat' dir='ltr'>exigua</span> 
     </span>
     <span class='ocr_line' id='line_1_23' title="bbox 565 2976 2646 3073; baseline 0.002 -24"><span class='ocrx_word' id='word_1_163' title='bbox 565 2988 700 3060; x_wconf 85' lang='lat' dir='ltr'>est,</span> <span class='ocrx_word' id='word_1_164' title='bbox 727 2991 812 3047; x_wconf 90' lang='lat' dir='ltr'>ut</span> <span class='ocrx_word' id='word_1_165' title='bbox 839 3000 985 3048; x_wconf 92' lang='lat' dir='ltr'>non</span> <span class='ocrx_word' id='word_1_166' title='bbox 1021 2976 1251 3073; x_wconf 85' lang='lat' dir='ltr'>possit</span> <span class='ocrx_word' id='word_1_167' title='bbox 1284 2976 1388 3050; x_wconf 90' lang='lat' dir='ltr'>ita</span> <span class='ocrx_word' id='word_1_168' title='bbox 1419 2977 1496 3049; x_wconf 91' lang='lat' dir='ltr'>in</span> <span class='ocrx_word' id='word_1_169' title='bbox 1532 2977 2067 3072; x_wconf 86' lang='lat' dir='ltr'>longitudinem</span> <span class='ocrx_word' id='word_1_170' title='bbox 2105 3005 2181 3053; x_wconf 91' lang='lat' dir='ltr'>se</span> <span class='ocrx_word' id='word_1_171' title='bbox 2212 2980 2646 3072; x_wconf 88' lang='lat' dir='ltr'>diffundere,</span> 
     </span>
     <span class='ocr_line' id='line_1_24' title="bbox 566 3086 2648 3187; baseline 0.003 -27"><span class='ocrx_word' id='word_1_172' title='bbox 566 3102 654 3160; x_wconf 91' lang='lat' dir='ltr'>ut</span> <span class='ocrx_word' id='word_1_173' title='bbox 688 3086 1197 3162; x_wconf 83' lang='lat' dir='ltr'>descendendo</span> <span class='ocrx_word' id='word_1_174' title='bbox 1233 3089 1517 3162; x_wconf 91' lang='lat' dir='ltr'>aditum</span> <span class='ocrx_word' id='word_1_175' title='bbox 1558 3091 1709 3162; x_wconf 90' lang='lat' dir='ltr'>aeri</span> <span class='ocrx_word' id='word_1_176' title='bbox 1754 3089 1978 3165; x_wconf 88' lang='lat' dir='ltr'>faciat</span> <span class='ocrx_word' id='word_1_177' title='bbox 2022 3116 2153 3187; x_wconf 88' lang='lat' dir='ltr'>per</span> <span class='ocrx_word' id='word_1_178' title='bbox 2203 3092 2648 3166; x_wconf 82' lang='lat' dir='ltr'>foraminum</span> 
     </span>
     <span class='ocr_line' id='line_1_25' title="bbox 567 3201 2649 3303; baseline 0.003 -29"><span class='ocrx_word' id='word_1_179' title='bbox 567 3201 1235 3295; x_wconf 80' lang='lat' dir='ltr'>circumferentias3</span> <span class='ocrx_word' id='word_1_180' title='bbox 1289 3226 1526 3299; x_wconf 92' lang='lat' dir='ltr'>neque</span> <span class='ocrx_word' id='word_1_181' title='bbox 1562 3227 1687 3277; x_wconf 88' lang='lat' dir='ltr'>aer</span> <span class='ocrx_word' id='word_1_182' title='bbox 1716 3205 1808 3277; x_wconf 92' lang='lat' dir='ltr'>ab</span> <span class='ocrx_word' id='word_1_183' title='bbox 1844 3217 2157 3279; x_wconf 84' lang='lat' dir='ltr'>exeunte</span> <span class='ocrx_word' id='word_1_184' title='bbox 2180 3230 2372 3302; x_wconf 88' lang='lat' dir='ltr'>aqua</span> <span class='ocrx_word' id='word_1_185' title='bbox 2396 3208 2649 3303; x_wconf 91' lang='lat' dir='ltr'>pulsus</span> 
     </span>
     <span class='ocr_line' id='line_1_26' title="bbox 564 3313 2648 3416; baseline 0.004 -31"><span class='ocrx_word' id='word_1_186' title='bbox 564 3313 810 3386; x_wconf 89' lang='lat' dir='ltr'>locum</span> <span class='ocrx_word' id='word_1_187' title='bbox 846 3314 1070 3386; x_wconf 89' lang='lat' dir='ltr'>alium</span> <span class='ocrx_word' id='word_1_188' title='bbox 1109 3317 1218 3410; x_wconf 91' lang='lat' dir='ltr'>(in</span> <span class='ocrx_word' id='word_1_189' title='bbox 1257 3316 1530 3391; x_wconf 91' lang='lat' dir='ltr'>mundo</span> <span class='ocrx_word' id='word_1_190' title='bbox 1566 3316 1818 3414; x_wconf 93' lang='lat' dir='ltr'>pleno)</span> <span class='ocrx_word' id='word_1_191' title='bbox 1852 3318 2120 3391; x_wconf 88' lang='lat' dir='ltr'>habere</span> <span class='ocrx_word' id='word_1_192' title='bbox 2155 3332 2421 3414; x_wconf 86' lang='lat' dir='ltr'>potest,</span> <span class='ocrx_word' id='word_1_193' title='bbox 2458 3345 2648 3416; x_wconf 86' lang='lat' dir='ltr'>prae-</span> 
     </span>
     <span class='ocr_line' id='line_1_27' title="bbox 565 3430 2649 3528; baseline 0.005 -31"><span class='ocrx_word' id='word_1_194' title='bbox 565 3436 903 3520; x_wconf 87' lang='lat' dir='ltr'>terquam</span> <span class='ocrx_word' id='word_1_195' title='bbox 938 3452 1154 3524; x_wconf 91' lang='lat' dir='ltr'>quem</span> <span class='ocrx_word' id='word_1_196' title='bbox 1190 3454 1379 3525; x_wconf 85' lang='lat' dir='ltr'>aqua</span> <span class='ocrx_word' id='word_1_197' title='bbox 1414 3430 1725 3504; x_wconf 89' lang='lat' dir='ltr'>deseret.</span> <span class='ocrx_word' id='word_1_198' title='bbox 1847 3431 2070 3505; x_wconf 88' lang='lat' dir='ltr'>Vides</span> <span class='ocrx_word' id='word_1_199' title='bbox 2126 3457 2301 3528; x_wconf 86' lang='lat' dir='ltr'>ergo</span> <span class='ocrx_word' id='word_1_200' title='bbox 2352 3459 2649 3508; x_wconf 90' lang='lat' dir='ltr'>causam</span> 
     </span>
     <span class='ocr_line' id='line_1_28' title="bbox 568 3539 2646 3643; baseline 0.004 -31"><span class='ocrx_word' id='word_1_201' title='bbox 568 3539 978 3613; x_wconf 82' lang='lat' dir='ltr'>naturalem</span> <span class='ocrx_word' id='word_1_202' title='bbox 1013 3553 1171 3614; x_wconf 92' lang='lat' dir='ltr'>tum</span> <span class='ocrx_word' id='word_1_203' title='bbox 1206 3544 1649 3616; x_wconf 88' lang='lat' dir='ltr'>ascensionis</span> <span class='ocrx_word' id='word_1_204' title='bbox 1684 3568 1893 3640; x_wconf 86' lang='lat' dir='ltr'>aquae</span> <span class='ocrx_word' id='word_1_205' title='bbox 1936 3546 2011 3618; x_wconf 94' lang='lat' dir='ltr'>iu</span> <span class='ocrx_word' id='word_1_206' title='bbox 2048 3546 2292 3620; x_wconf 90' lang='lat' dir='ltr'>fistula</span> <span class='ocrx_word' id='word_1_207' title='bbox 2324 3572 2457 3643; x_wconf 90' lang='lat' dir='ltr'>per</span> <span class='ocrx_word' id='word_1_208' title='bbox 2491 3572 2646 3621; x_wconf 90' lang='lat' dir='ltr'>suc·</span> 
     </span>
     <span class='ocr_line' id='line_1_29' title="bbox 567 3653 2648 3758; baseline 0.006 -34"><span class='ocrx_word' id='word_1_209' title='bbox 567 3653 871 3742; x_wconf 90' lang='lat' dir='ltr'>tionem,</span> <span class='ocrx_word' id='word_1_210' title='bbox 901 3667 1058 3727; x_wconf 90' lang='lat' dir='ltr'>tum</span> <span class='ocrx_word' id='word_1_211' title='bbox 1092 3656 1774 3731; x_wconf 85' lang='lat' dir='ltr'>non-descensionis</span> <span class='ocrx_word' id='word_1_212' title='bbox 1800 3683 1932 3754; x_wconf 88' lang='lat' dir='ltr'>per</span> <span class='ocrx_word' id='word_1_213' title='bbox 1960 3659 2323 3734; x_wconf 84' lang='lat' dir='ltr'>foramina</span> <span class='ocrx_word' id='word_1_214' title='bbox 2343 3662 2648 3758; x_wconf 87' lang='lat' dir='ltr'>hydriae.</span> 
     </span>
     <span class='ocr_line' id='line_1_30' title="bbox 567 3765 2648 3870; baseline 0.006 -33"><span class='ocrx_word' id='word_1_215' title='bbox 567 3765 792 3840; x_wconf 90' lang='lat' dir='ltr'>Vides</span> <span class='ocrx_word' id='word_1_216' title='bbox 839 3769 1059 3842; x_wconf 89' lang='lat' dir='ltr'>etiam</span> <span class='ocrx_word' id='word_1_217' title='bbox 1113 3795 1330 3866; x_wconf 89' lang='lat' dir='ltr'>quam</span> <span class='ocrx_word' id='word_1_218' title='bbox 1386 3772 1719 3867; x_wconf 90' lang='lat' dir='ltr'>ineptum</span> <span class='ocrx_word' id='word_1_219' title='bbox 1779 3774 1873 3847; x_wconf 91' lang='lat' dir='ltr'>sit</span> <span class='ocrx_word' id='word_1_220' title='bbox 1931 3773 2026 3846; x_wconf 90' lang='lat' dir='ltr'>ad</span> <span class='ocrx_word' id='word_1_221' title='bbox 2086 3774 2648 3870; x_wconf 85' lang='lat' dir='ltr'>explicationem</span> 
     </span>
     <span class='ocr_line' id='line_1_31' title="bbox 567 3880 2650 3984; baseline 0.005 -32"><span class='ocrx_word' id='word_1_222' title='bbox 567 3880 960 3953; x_wconf 86' lang='lat' dir='ltr'>effectuum</span> <span class='ocrx_word' id='word_1_223' title='bbox 996 3883 1253 3955; x_wconf 91' lang='lat' dir='ltr'>talium</span> <span class='ocrx_word' id='word_1_224' title='bbox 1300 3884 1661 3958; x_wconf 84' lang='lat' dir='ltr'>advocare</span> <span class='ocrx_word' id='word_1_225' title='bbox 1712 3888 1936 3959; x_wconf 91' lang='lat' dir='ltr'>verba</span> <span class='ocrx_word' id='word_1_226' title='bbox 1984 3889 2508 3984; x_wconf 89' lang='lat' dir='ltr'>metaphorica,</span> <span class='ocrx_word' id='word_1_227' title='bbox 2566 3903 2650 3964; x_wconf 90' lang='lat' dir='ltr'>ut</span> 
     </span>
     <span class='ocr_line' id='line_1_32' title="bbox 538 3991 2649 4097; baseline 0.006 -33"><span class='ocrx_word' id='word_1_228' title='bbox 538 3991 833 4091; x_wconf 79' lang='lat' dir='ltr'>sugam-</span> <span class='ocrx_word' id='word_1_229' title='bbox 881 3995 1112 4084; x_wconf 81' lang='lat' dir='ltr'>vacui,</span> <span class='ocrx_word' id='word_1_230' title='bbox 1167 3995 1546 4070; x_wconf 83' lang='lat' dir='ltr'>horrorem</span> <span class='ocrx_word' id='word_1_231' title='bbox 1588 4008 1898 4089; x_wconf 61' lang='lat' dir='ltr'>naturae,</span> <span class='ocrx_word' id='word_1_232' title='bbox 1935 4009 2119 4072; x_wconf 64' lang='lat' dir='ltr'>eta:</span> <span class='ocrx_word' id='word_1_233' title='bbox 2174 4003 2438 4097; x_wconf 89' lang='lat' dir='ltr'>quibus</span> <span class='ocrx_word' id='word_1_234' title='bbox 2475 4003 2649 4076; x_wconf 90' lang='lat' dir='ltr'>olim</span> 
     </span>
     <span class='ocr_line' id='line_1_33' title="bbox 570 4106 2650 4190; baseline 0.006 -12"><span class='ocrx_word' id='word_1_235' title='bbox 570 4106 664 4178; x_wconf 87' lang='lat' dir='ltr'>ad</span> <span class='ocrx_word' id='word_1_236' title='bbox 694 4108 1307 4182; x_wconf 84' lang='lat' dir='ltr'>existimationem</span> <span class='ocrx_word' id='word_1_237' title='bbox 1344 4135 1547 4183; x_wconf 89' lang='lat' dir='ltr'>suam</span> <span class='ocrx_word' id='word_1_238' title='bbox 1578 4111 1926 4185; x_wconf 90' lang='lat' dir='ltr'>tuendam</span> <span class='ocrx_word' id='word_1_239' title='bbox 1962 4137 2111 4188; x_wconf 87' lang='lat' dir='ltr'>usae</span> <span class='ocrx_word' id='word_1_240' title='bbox 2146 4127 2320 4187; x_wconf 88' lang='lat' dir='ltr'>sunt</span> <span class='ocrx_word' id='word_1_241' title='bbox 2354 4117 2650 4190; x_wconf 88' lang='lat' dir='ltr'>scholae.</span> 
     </span>
    </p>

    <p class='ocr_par' dir='ltr' id='par_1_4' title="bbox 567 4219 2651 4547">
     <span class='ocr_line' id='line_1_34' title="bbox 674 4219 2650 4320; baseline 0.005 -28"><span class='ocrx_word' id='word_1_242' title='bbox 674 4219 771 4293; x_wconf 90' lang='lat' dir='ltr'>B.</span> <span class='ocrx_word' id='word_1_243' title='bbox 829 4221 1370 4295; x_wconf 74' lang='lat' dir='ltr'>Phaenomenmn</span> <span class='ocrx_word' id='word_1_244' title='bbox 1420 4224 1717 4320; x_wconf 90' lang='lat' dir='ltr'>quidem</span> <span class='ocrx_word' id='word_1_245' title='bbox 1776 4225 1975 4298; x_wconf 89' lang='lat' dir='ltr'>circa</span> <span class='ocrx_word' id='word_1_246' title='bbox 2030 4251 2340 4301; x_wconf 89' lang='lat' dir='ltr'>vacuum</span> <span class='ocrx_word' id='word_1_247' title='bbox 2393 4252 2650 4302; x_wconf 84' lang='lat' dir='ltr'>causas</span> 
     </span>
     <span class='ocr_line' id='line_1_35' title="bbox 569 4336 2650 4431; baseline 0.005 -27"><span class='ocrx_word' id='word_1_248' title='bbox 569 4343 769 4405; x_wconf 89' lang='lat' dir='ltr'>recte</span> <span class='ocrx_word' id='word_1_249' title='bbox 824 4359 869 4405; x_wconf 89' lang='lat' dir='ltr'>a</span> <span class='ocrx_word' id='word_1_250' title='bbox 924 4348 998 4407; x_wconf 94' lang='lat' dir='ltr'>te</span> <span class='ocrx_word' id='word_1_251' title='bbox 1054 4336 1460 4431; x_wconf 84' lang='lat' dir='ltr'>assignatas</span> <span class='ocrx_word' id='word_1_252' title='bbox 1518 4362 1673 4410; x_wconf 89' lang='lat' dir='ltr'>esse</span> <span class='ocrx_word' id='word_1_253' title='bbox 1735 4339 1977 4413; x_wconf 88' lang='lat' dir='ltr'>credo.</span> <span class='ocrx_word' id='word_1_254' title='bbox 2113 4339 2335 4414; x_wconf 77' lang='lat' dir='ltr'>Quod</span> <span class='ocrx_word' id='word_1_255' title='bbox 2401 4353 2650 4414; x_wconf 85' lang='lat' dir='ltr'>autem</span> 
     </span>
     <span class='ocr_line' id='line_1_36' title="bbox 567 4445 2651 4547; baseline 0.004 -29"><span class='ocrx_word' id='word_1_256' title='bbox 567 4445 936 4518; x_wconf 91' lang='lat' dir='ltr'>neminem</span> <span class='ocrx_word' id='word_1_257' title='bbox 979 4471 1134 4520; x_wconf 91' lang='lat' dir='ltr'>esse</span> <span class='ocrx_word' id='word_1_258' title='bbox 1170 4449 1371 4523; x_wconf 90' lang='lat' dir='ltr'>dicas</span> <span class='ocrx_word' id='word_1_259' title='bbox 1407 4451 1530 4546; x_wconf 91' lang='lat' dir='ltr'>qui</span> <span class='ocrx_word' id='word_1_260' title='bbox 1579 4476 1711 4547; x_wconf 88' lang='lat' dir='ltr'>per</span> <span class='ocrx_word' id='word_1_261' title='bbox 1746 4477 2054 4527; x_wconf 89' lang='lat' dir='ltr'>vacuum</span> <span class='ocrx_word' id='word_1_262' title='bbox 2093 4453 2452 4526; x_wconf 86' lang='lat' dir='ltr'>intellexit</span> <span class='ocrx_word' id='word_1_263' title='bbox 2488 4478 2651 4527; x_wconf 90' lang='lat' dir='ltr'>cor-</span> 
     </span>
    </p>
   </div>
  </div>
 </body>
</html>
