3094 5125
988 502 1353 557 cumn-10
1397 504 1782 557 SPHAERAE.
2279 491 2424 557 495

340 668 741 743 solidorum
775 670 1195 768 reciprocae.
1269 674 1517 748 Quare
1551 675 1715 771 (per
1747 671 2032 746 Euclid.
2070 671 2299 745 Elem.
2329 671 2427 744 xi.
2523 691 2694 733 ntor-
2727 690 2791 729 11·

339 807 549 881 prop.
579 785 706 878 34)
741 785 969 859 cubus
991 810 1036 858 a
1061 786 1183 877 Im,
1209 798 1282 861 et
1305 787 1623 861 solidum
1657 789 1791 861 sub
1812 787 1953 862 ΤΘ
1974 797 2048 860 et
2068 784 2428 882 quadrato

341 898 434 970 ab
471 922 603 996 ag,
640 911 814 972 sunt
848 899 1182 996 aequalia.
1290 898 1435 974 Sed
1467 900 1782 973 solidum
1819 901 1955 973 sub
1990 899 2129 974 ΤΟ,
2154 909 2228 971 et
2257 921 2428 993 qua-

344 1010 560 1084 drato
588 1013 680 1084 ab
717 1036 846 1109 ag,
881 1012 1159 1108 aequale
1196 1024 1305 1086 est
1335 1013 1645 1109 sphaerae
1680 1015 1889 1108 cujus
1926 1012 2282 1085 diameter
2315 1022 2430 1084 est

344 1124 491 1196 ΟΕ.
596 1121 837 1215 Quare
873 1125 1104 1198 cubus
1139 1149 1184 1198 a
1218 1125 1313 1197 Im
1347 1126 1650 1221 aequalis
1677 1136 1790 1198 est
1823 1124 2131 1221 sphaerae
2164 1123 2427 1198 eidem.

445 1236 798 1310 Inventus
832 1261 1009 1334 ergo
1044 1249 1157 1312 est
1181 1239 1413 1312 cubus
1447 1240 1756 1336 sphaerae
1789 1238 2111 1337 aequalis.

1068 1589 1569 1642 PRoPosl'rlo
1620 1590 1748 1642 111.

648 1744 995 1819 Invenire
1039 1756 1324 1819 rectam
1356 1744 1708 1842 aequalem
1743 1744 1958 1817 arcui
1994 1743 2135 1817 CL.

451 1909 859 2005 Repetatur
893 1909 969 1982 in
1004 1911 1245 2005 figura
1277 1909 1602 1983 secunda
1634 1933 1805 2006 pars
1846 1910 2103 2005 figurae
2154 1907 2434 2003 primae,

351 2021 429 2092 in
466 2045 611 2117 qua
636 2021 1075 2116 quadratum
1112 2019 1368 2112 QRST
1396 2022 1674 2118 aequale
1709 2032 1820 2094 est
1840 2021 2116 2094 circulo
2146 2017 2435 2094 BCDE.

352 2134 625 2208 Centro
663 2137 755 2224 A,
791 2135 1176 2209 intervallo
1227 2136 1363 2209 AY
1410 2135 1867 2209 describatur
1917 2158 2130 2207 arcus
2183 2132 2441 2205 circuli

351 2270 609 2321 secans
643 2248 779 2323 AO
813 2248 892 2321 in
930 2248 1004 2337 d,
1040 2259 1117 2321 et
1152 2248 1283 2321 AG
1319 2248 1394 2320 in
1430 2246 1511 2321 b:
1563 2259 1639 2321 et
1664 2272 1797 2344 per
1829 2261 2187 2344 punctum
2224 2246 2282 2319 d
2311 2244 2438 2318 du-

351 2372 563 2434 catur
599 2373 803 2435 recta
835 2360 938 2434 Zc
968 2360 1322 2457 parallela
1354 2361 1503 2452 GC,
1540 2384 1797 2435 secans
1830 2361 1962 2434 AC
1988 2361 2067 2434 in
2102 2360 2159 2433 Z
2195 2370 2271 2434 et
2304 2359 2440 2433 AG

355 2498 436 2547 m
473 2498 537 2547 c.

452 2587 640 2661 Dico
674 2597 953 2661 rectam
988 2588 1088 2660 Ze
1120 2586 1478 2683 aequalem
1513 2611 1673 2663 esse
1706 2588 1908 2661 arcui
1945 2587 2091 2661 CL.

455 2701 650 2774 Nam
688 2701 1150 2789 CG,YQ,Zc
1199 2711 1372 2774 sunt
1428 2700 1777 2774 continue
1830 2699 2441 2796 proportionales.

354 2813 451 2886 Et
494 2812 657 2909 (per
687 2811 1212 2885 Archimedem
1237 2812 1330 2885 de
1356 2811 1835 2885 Dimensione
1867 2810 2179 2906 Circum
2210 2812 2444 2885 trian-

355 2925 611 3023 gulum
658 2925 1193 3021 rectangulum,
1230 2927 1439 3021 cujus
1472 2925 1666 2998 latus
1716 2949 1945 2998 unum
1981 2926 2180 2999 circa
2213 2949 2445 3020 angu-

355 3039 510 3114 lum
545 3050 833 3112 rectum
868 3037 1146 3134 aequale
1182 3047 1295 3110 est
1348 3037 1746 3132 perimetro
1801 3036 2080 3126 circuli,
2125 3049 2201 3111 et
2250 3037 2448 3110 latus

357 3153 673 3227 alterum
696 3151 976 3250 aequale
1001 3150 1570 3240 semidiametro,
1607 3151 1887 3247 aequale
1916 3162 2029 3224 est
2055 3151 2283 3224 totius
2311 3151 2446 3224 cir·

357 3267 503 3341 culi
539 3290 753 3340 areae.

457 3381 654 3477 Ergo
709 3378 1224 3475 rectangulum
1280 3377 1415 3451 sub
1451 3375 2031 3473 semiperimetro
2085 3389 2163 3452 et
2218 3378 2445 3470 radio,

360 3494 638 3591 aequale
672 3505 786 3568 est
811 3517 1003 3566 areae
1038 3491 1368 3589 ejusdem
1404 3491 1682 3565 circuli.
2357 3486 2362 3490 ’

459 3608 659 3703 Ergo
694 3607 1208 3703 rectangulum
1243 3606 1378 3680 sub
1413 3616 1626 3702 parte
1659 3616 1920 3702 quarta
1964 3605 2338 3702 perimetri
2375 3615 2450 3678 et

361 3721 594 3811 radio,
617 3720 895 3818 aequale
931 3731 1041 3795 est
1074 3743 1265 3794 areae
1299 3718 1739 3792 semicirculi
1775 3717 1998 3792 BCD.

462 3835 660 3931 Ergo
693 3833 1203 3930 rectangulum
1240 3833 1377 3906 sub
1412 3842 1675 3905 octava
1714 3842 1926 3928 parte
1963 3830 2340 3927 perimetri
2375 3843 2453 3904 et

362 3947 596 4037 radio,
659 3946 738 4019 id
799 3958 910 4021 est
969 3946 1482 4042 rectangulum
1544 3945 1680 4017 sub
1737 3941 1870 4020 AC
1923 3954 1999 4016 et
2057 3967 2237 4018 arcu
2299 3943 2450 4035 CL,

366 4060 645 4158 aequale
682 4072 795 4133 est
828 4084 1018 4135 areae
1051 4059 1480 4159 quadrantis
1517 4055 1741 4133 ACB.

464 4175 662 4270 Ergo
698 4173 1135 4271 quadratum
1169 4200 1215 4247 a
1247 4173 1493 4248 media
1525 4170 2060 4269 proportionali
2091 4171 2286 4243 inter
2319 4168 2453 4245 AC

368 4297 727 4477 ἶξὲιὲοιιω
765 4285 912 4380 CL,
947 4287 1223 4384 aequale
1259 4300 1375 4362 est
1407 4310 1602 4362 areae
1649 4285 2077 4384 quadrantis
2125 4283 2454 4380 ejusdem
