3094 5125
915 443 1556 499 MATHEMA'rlcAE
1596 447 2084 500 nonmRNAE.
2441 437 2534 503 85

412 606 657 700 major
691 606 1045 699 minoris,
1089 635 1250 683 cum
1299 613 1654 706 majorem
1710 612 2015 686 metitur
2048 613 2303 703 minor,
2339 640 2533 690 anne
2612 644 2914 688 nmmos

414 717 903 814 distinguunt
964 721 1161 794 inter
1212 722 1623 821 multiplex,
1666 724 1895 821 (quod
1933 735 2046 798 est
2080 725 2532 826 multiplica-
2729 727 2795 767 ¹¹·

419 836 653 925 tum),
687 845 769 904 et
803 832 1229 932 multiplum
1257 840 1302 909 9

523 945 627 1017 Β.
681 944 863 1017 Non
933 960 1136 1020 certe
1202 949 1344 1021 hoc
1409 946 1631 1031 loco;
1703 972 1944 1046 neque
2013 951 2255 1025 Graeci
2334 954 2530 1028 inter

420 1071 728 1130 διπλάσιον
788 1070 865 1131 et
923 1071 1272 1131 διπλασίονα.
1377 1061 1573 1134 Nam
1626 1061 1689 1133 Si
1723 1060 2091 1152 fecissent,
2129 1088 2277 1138 non
2313 1083 2526 1138 πολλα-

420 1185 668 1242 πλάσιον
705 1170 1014 1245 dixisset
1045 1172 1408 1262 Euclides»,
1445 1173 1577 1246 sed
1610 1191 2096 1248 πολλαπλασίονα.

529 1284 629 1356 Α.
689 1284 984 1359 Caetera
1014 1286 1203 1359 bene
1239 1311 1317 1360 se
1351 1288 1652 1360 habent.

539 1395 623 1468 B.
687 1397 1180 1472 Transeamus
1238 1424 1413 1497 ergo
1474 1400 1573 1474 ad
1631 1400 2093 1476 definitiones
2155 1403 2524 1478 Elementi

428 1510 721 1585 decimi.

530 1626 626 1699 Α.
685 1625 876 1699 Sunt
910 1637 984 1700 et
1016 1627 1164 1701 illae
1198 1640 1560 1702 accuratae
1596 1651 1870 1701 omnes.

524 1740 622 1811 B.
680 1741 1103 1837 Antequam
1135 1743 1632 1839 progrediare,
1670 1742 1887 1814 velim
1924 1740 2124 1815 dicas
2158 1742 2340 1814 mihi
2374 1766 2521 1838 quo

428 1851 591 1941 fine,
630 1852 787 1925 sive
843 1855 962 1927 cui
1008 1855 1206 1928 bono
1265 1855 1607 1928 Euclides
1665 1856 2126 1928 theoremata
2175 1854 2301 1928 illa
2352 1856 2520 1928 Ele-

428 1967 660 2039 menti
682 1966 949 2040 decimi
977 1967 1402 2042 difficillima
1429 1969 1642 2042 nobis
1669 1967 2222 2041 demonstravit.
2289 1967 2523 2041 Caete-

427 2103 541 2153 ras
577 2080 780 2153 enim
814 2082 1242 2177 geometriae
1294 2093 1539 2178 partes
1597 2104 1852 2154 omnes
1898 2080 2063 2152 usui
2111 2103 2268 2153 esse
2303 2080 2517 2153 video

425 2200 498 2266 in
534 2195 915 2267 communi
951 2194 1125 2283 vita,
1158 2207 1291 2268 aut
1343 2194 1439 2268 ad
1496 2194 2036 2283 aedificandum,
2072 2206 2204 2268 aut
2244 2192 2340 2268 ad
2390 2218 2522 2267 na-

422 2306 855 2404 vigandum,
934 2318 1065 2380 aut
1135 2308 1231 2381 ad
1312 2309 1709 2398 machinaS,
1780 2321 1911 2381 aut
1993 2307 2090 2380 ad
2156 2306 2518 2380 calculum

422 2422 805 2517 temporis„
863 2433 992 2494 aut
1050 2421 1146 2494 ad
1204 2422 1592 2518 picturam,
1653 2434 1784 2494 aut
1842 2421 1939 2494 ad
1980 2421 2518 2517 philosophiam

420 2534 864 2623 naturalem,
901 2548 1028 2608 aut
1080 2534 1395 2631 denique
1450 2534 1544 2608 ad
1606 2534 1907 2631 aliquid.
2012 2534 2148 2608 Cui
2182 2558 2357 2609 vero
2408 2534 2515 2609 rei

417 2649 787 2722 linearum
822 2649 980 2721 haec
1015 2648 1553 2722 irrationalium
1578 2649 1901 2744 cognitio
1936 2648 2308 2739 inserviat,
2335 2673 2516 2722 non-

418 2761 599 2834 dum
628 2785 882 2835 cerno.
987 2761 1155 2835 Scio
1184 2786 1348 2858 quae
1382 2762 1694 2859 pulchra
1728 2773 1922 2847 sunt,
1958 2760 2281 2835 difficilia
2307 2786 2509 2845 esse;

417 2874 549 2947 sed
600 2887 692 2946 ut
725 2874 1069 2964 vicissim,
1106 2898 1273 2971 quae
1327 2875 1656 2949 difficilia
1706 2887 1900 2963 sunt,
1936 2873 2160 2948 etiam
2203 2876 2513 2971 pulchra

418 2990 592 3078 sint,
631 3012 932 3062 necesse
966 3012 1114 3062 non
1149 3003 1286 3063 est.

518 3103 622 3175 A.
681 3102 853 3177 Quo
876 3103 1024 3175 fine
1048 3104 1210 3177 haec
1237 3102 1770 3176 demonstravit
1798 3112 1998 3175 certe
2032 3100 2327 3185 nescim
2379 3101 2509 3175 sed

419 3215 598 3310 quin
634 3215 716 3287 in
753 3216 955 3288 omni
987 3239 1066 3288 re
1100 3216 1379 3312 ingenii
1421 3215 1766 3311 splendor
1814 3215 1972 3311 ipse
2027 3237 2161 3310 per
2214 3237 2292 3287 se
2344 3215 2511 3312 pul-

415 3328 831 3401 cherrimus
876 3329 995 3418 sit,
1050 3329 1538 3403 dubitandum
1586 3353 1736 3402 non
1788 3340 1924 3401 est.
2041 3328 2392 3400 Attamen
2445 3330 2507 3402 si

417 3442 507 3514 ab
544 3442 713 3539 ipso
749 3465 968 3537 opere
1018 3442 1109 3514 de
1164 3442 1469 3515 consilio
1517 3440 1799 3537 opificis
1853 3439 2219 3536 conjicere
2264 3439 2505 3532 liceat,

415 3556 735 3629 voluisse
769 3568 952 3652 puto
998 3556 1404 3646 Euclidem,
1440 3567 1802 3652 quantum
1848 3554 2095 3650 potuit
2145 3553 2506 3628 linearum

418 3670 750 3743 omnium
786 3671 862 3741 in
895 3670 1174 3766 figuriS‚
1202 3682 1408 3742 certa
1440 3681 1518 3742 et
1560 3669 1858 3764 cognita
1891 3667 2053 3764 lege
2101 3668 2506 3765 descripta-

415 3805 602 3870 rum,
642 3782 966 3855 rationes
1013 3794 1440 3856 convertere
1492 3782 1570 3855 in
1627 3782 1949 3855 rationes
2004 3804 2501 3857 numerorum.

419 3895 639 3970 Quod
673 3896 735 3969 si
771 3906 1041 3969 natura
1070 3895 1232 3969 fieri
1264 3920 1479 3993 passa
1517 3909 1735 3984 esset,
1785 3895 2241 3991 computatio
2303 3920 2503 3991 quae-

416 4007 594 4083 libet
658 4007 1015 4084 facillima
1080 4008 1279 4082 sacta
1335 4020 1549 4099 esset,
1612 4008 1984 4098 nimirum,
2054 4007 2135 4080 in
2213 4007 2502 4080 tabulas

415 4121 711 4219 digestis
749 4121 1084 4195 omnium
1119 4145 1363 4195 rerum
1397 4121 1829 4195 rationibus..

500 4237 825 4312 Restant
887 4234 1348 4308 definitiones
1407 4234 1769 4309 Elementi
1807 4235 1956 4317 xi.;
2017 4233 2162 4306 illae
2209 4252 2502 4326 quoque

399 4355 487 4432 ad
523 4353 1024 4432 scientiarum
1058 4352 1519 4427 severitatem
1556 4350 2066 4427 exactissimae.
