3094 5125
601 454 737 519 186
1026 466 1565 517 numum-10
1606 464 1709 515 m·
1748 464 2245 517 ssnssanno

209 666 510 707 numana
589 633 996 708 rationibus
1041 641 1068 704 1
1112 631 1210 704 ad
1243 642 1288 702 4
1327 645 1406 704 et
1451 641 1478 704 1
1508 631 1606 704 ad
1634 643 1707 705 4.
1810 631 2005 704 Nam
2034 633 2227 705 ratio
2260 641 2308 704 2
2331 630 2429 703 ad
2462 640 2509 702 4
2546 629 2681 701 dn-

221 749 507 850 ..If-s

589 749 862 845 plicata
915 759 1110 818 esset
1168 745 1477 818 rationis
1533 756 1561 819 1
1617 745 1713 817 ad
1749 756 1821 816 4.
1928 746 2077 818 Sed
2133 746 2325 818 ratio
2378 742 2549 816 lad
2595 752 2679 816 16

591 862 965 957 duplicata
998 870 1112 930 est
1145 858 1457 931 rationis
1493 868 1518 931 1
1551 859 1648 931 ad
1671 870 1746 931 4.
1830 860 2045 932 Esset
2078 883 2256 954 ergo
2290 870 2375 930 nt
2408 868 2455 930 2
2482 855 2581 929 ad
2605 867 2680 943 4,

592 977 699 1047 ita
744 983 771 1046 1
817 972 914 1044 ad
959 980 1068 1043 16.
1173 969 1568 1043 Conclusio
1626 984 1899 1059 antem,
1961 996 2180 1067 quam
2233 970 2536 1043 deducit
2591 992 2683 1040 ex

593 1090 734 1160 hac
799 1085 1298 1181 propositione
1357 1084 1609 1171 xxxiii,
1644 1097 1761 1156 est
1808 1085 2215 1179 propositio
2270 1083 2369 1171 xl,
2420 1105 2684 1178 nempe

593 1202 798 1274 haec:
853 1200 944 1271 Si
987 1207 1468 1296 proponatur
1501 1200 1737 1270 series
1788 1199 2286 1295 quantitatum
2321 1198 2398 1270 in
2434 1196 2687 1294 tripli·

596 1323 774 1387 cata
851 1313 1149 1384 ratione
1222 1310 1687 1383 arithmetice
1758 1311 2463 1407 proportionalium,
2532 1310 2685 1382 sive

575 1427 813 1519 juxta
856 1422 1122 1495 seriem
1157 1446 1617 1494 numerorum
1654 1422 2066 1495 cubicorum
2119 1424 2453 1496 continue
2484 1447 2684 1495 eres-

596 1537 934 1626 centium‚
962 1562 1013 1608 α
1031 1546 1314 1632 puncto
1348 1536 1468 1608 vel
1497 1545 1545 1609 Ο
1593 1537 2095 1608 inchoatarum
2118 1563 2147 1618 ,·
2194 1538 2419 1624 ratic,
2466 1561 2686 1633 qnam

596 1651 817 1724 habet
868 1650 1010 1723 illa
1057 1650 1168 1723 ad
1221 1649 1485 1721 seriem
1539 1649 1840 1722 totidem
1898 1651 2238 1722 maxim
2277 1649 2685 1746 oeqmlium,

597 1762 1233 1862 subquadruplum
1293 1762 1683 1860 superabit
1708 1791 1736 1845 ;
1820 1765 2118 1860 eritque
2180 1787 2530 1835 excessus
2596 1786 2689 1834 ea

597 1881 823 1966 ratic,
860 1903 1079 1976 quam
1112 1876 1330 1949 habet
1388 1878 1640 1950 unitas
1692 1877 1805 1949 ad
1855 1876 2357 1975 quadruplum
2407 1875 2693 1947 numeri

600 1993 1070 2065 terminorum
1093 2000 1274 2088 post
1308 2000 1357 2064 Ο
1384 2019 1413 2074 ‚·
1462 1992 1641 2080 sive,
1678 2016 1891 2088 quam
1918 1991 2137 2064 habet
2168 1991 2396 2063 radix
2426 1988 2689 2062 cubica

600 2107 901 2177 termini
975 2105 1205 2202 primi
1259 2114 1444 2200 post
1512 2114 1584 2192 Ο,
1652 2104 1763 2175 ad
1835 2103 2329 2201 quadruplum
2395 2103 2689 2175 radicis

599 2219 864 2291 cubicae
899 2218 1195 2290 termini
1230 2218 1556 2289 maximi.

705 2331 799 2403 B.
857 2331 1044 2419 Erit,
1101 2329 1364 2424 inquit,
1428 2353 1768 2403 excessus
1824 2331 2133 2403 rationis
2184 2354 2405 2426 quam
2465 2329 2692 2401 habet

600 2444 824 2514 series
858 2443 1346 2515 crescentium
1401 2442 1495 2513 ad
1540 2444 1848 2516 totidem
1886 2445 2264 2525 maximas,
2319 2467 2542 2538 snpra
2572 2466 2690 2515 ra-

601 2556 880 2627 tionem
914 2553 1558 2651 subquadruplam‚
1589 2580 1677 2628 ea
1712 2556 1904 2629 ratio
1934 2582 2155 2653 quam
2187 2557 2411 2630 habet
2443 2556 2691 2629 unitas

601 2668 696 2740 ad
732 2668 1220 2764 quadruplum
1244 2671 1532 2741 numeri
1561 2671 2043 2742 terminorum
2077 2683 2245 2766 post
2272 2680 2344 2744 Ο.
2433 2669 2519 2741 Id
2554 2679 2691 2757 est,

1120 2778 1343 2811 ÷÷÷÷÷

603 2794 678 2865 in
715 2792 855 2864 hac
890 2793 1076 2864 serie
1097 2832 1190 2890 34
1214 2858 1236 2888 Β
1261 2858 1295 2891 ÷
1320 2859 1342 2889 ⁸
1360 2851 1379 2883 ‚
1403 2796 1590 2867 ratio
1616 2804 1662 2867 9
1692 2795 1788 2868 ad
1813 2805 1908 2868 24
1938 2796 2311 2892 superabit
2333 2796 2690 2867 rationem

603 2909 1248 3006 subquadruplam‚
1285 2926 1361 2985 et
1393 2936 1730 2985 excessus
1767 2914 1907 2985 erit
1942 2914 2129 2984 ratio
2176 2922 2203 2985 l
2248 2913 2342 2985 ad
2380 2920 2450 2985 8.

706 3023 801 3095 Α.
859 3023 1125 3097 Nonne
1161 3050 1337 3121 ergo
1373 3026 1563 3099 ratio
1612 3035 1640 3097 l
1685 3025 1781 3097 ad
1817 3034 1886 3112 8,
1931 3027 2337 3121 composita
2371 3049 2540 3097 cum
2574 3049 2690 3098 ra-

602 3136 805 3209 tione
839 3138 1407 3235 subquadrupla‚
1443 3140 1665 3212 faciet
1700 3140 2061 3212 rationem
2096 3147 2145 3210 9
2182 3139 2276 3212 ad
2313 3150 2404 3213 24
2440 3139 2467 3209 ?

709 3251 805 3323 B.
861 3249 1307 3326 CertisSime.

705 3364 804 3436 Α.
860 3365 1007 3437 Sed
1041 3367 1231 3438 ratio
1265 3376 1290 3439 l
1324 3366 1422 3439 ad
1457 3374 1528 3453 8,
1553 3377 1629 3438 et
1662 3367 1853 3438 ratio
1891 3375 1937 3438 6
1962 3367 2057 3439 ad
2084 3376 2205 3452 24,
2234 3366 2311 3438 id
2347 3378 2484 3454 est,
2523 3366 2695 3438 sub·

605 3476 1034 3573 quadrupla,
1087 3479 1371 3551 faciunt
1431 3478 1793 3551 rationem
1837 3487 1883 3550 6
1922 3480 2017 3552 ad
2061 3488 2223 3553 192.
2326 3480 2461 3552 Est
2516 3503 2692 3574 ergo

603 3606 688 3663 ut
722 3599 767 3663 9
805 3590 900 3663 ad
937 3601 1029 3663 24
1084 3591 1188 3664 ita
1227 3601 1273 3664 6
1310 3593 1405 3664 ad
1442 3602 1601 3665 192.
1711 3592 1846 3665 Vel
1892 3594 1954 3664 si
2012 3604 2385 3689 ponantur
2439 3593 2697 3665 ordine

606 3706 683 3777 hi
719 3704 1005 3776 numeri
1039 3712 1109 3792 9,
1150 3715 1219 3793 6,
1250 3714 1369 3794 24,
1405 3707 1596 3777 ratio
1631 3714 1677 3777 6
1716 3705 1812 3777 ad
1848 3716 1941 3778 24
1981 3719 2091 3780 est
2127 3706 2694 3802 subquadrupla.

611 3820 929 3914 Superat
963 3829 1208 3889 autem
1238 3820 1427 3891 ratio
1465 3829 1511 3892 9
1547 3819 1641 3891 ad
1669 3829 1762 3891 24
1797 3821 2157 3893 rationem
2192 3828 2238 3891 6
2263 3821 2359 3892 ad
2395 3831 2489 3893 24
2530 3820 2698 3892 sub-

611 3929 1117 4027 quadruplam‚
1178 3931 1464 4005 ratione
1501 3942 1547 4005 9
1584 3932 1678 4005 ad
1714 3940 1785 4004 6.
1891 3934 2023 4006 Est
2079 3957 2254 4029 ergo
2309 3945 2395 4005 ut
2446 3943 2491 4007 9
2522 3933 2614 4006 ad
2650 3942 2696 4005 6

612 4047 714 4118 ita
778 4054 803 4117 l
863 4043 958 4117 ad
1018 4051 1087 4115 8.
1213 4043 1500 4116 Siccine
1571 4046 1810 4118 solent
1872 4062 2194 4136 γεωμετρεῖν
2252 4047 2699 4141 professores

611 4157 933 4253 publici?

712 4272 806 4342 B.
861 4270 1193 4343 Eundem
1231 4283 1426 4343 errat
1462 4294 1809 4360 errorem,
1848 4296 2043 4345 nunc
2080 4284 2156 4345 et
2189 4284 2382 4346 ante.

709 4382 801 4455 Λ.
857 4385 1138 4458 Deinde
1193 4384 1388 4480 quod
1445 4383 1716 4457 infert:
1780 4386 1957 4459 Cum
2004 4396 2273 4472 autem,
2319 4396 2700 4460 crescente
