3094 5125
811 491 1447 545 MATHEMATICAE
1490 491 1977 545 nomnium.
2315 476 2452 556 117

319 656 679 754 scriptae,
713 668 800 731 ut
828 658 1214 754 plusquam
1251 658 1471 754 triplo
1508 659 1656 733 sint
1688 658 2079 756 longiores.
2139 660 2237 734 Et
2261 682 2452 757 prae-
2523 687 2823 728 numana

319 781 585 860 terea,
626 772 838 844 citius
874 772 1238 869 intelliget
1271 771 1503 845 lector
1538 773 1870 869 quilibet,
1897 775 2120 848 etiam
2156 775 2452 872 symbo-
2530 837 2547 855 .
2636 767 2725 807 ¹¹¹·
2800 835 2816 854 ,

317 883 565 972 licus»,
633 887 886 959 decem
954 886 1115 958 illas
1171 884 1834 960 demonstrationes
1893 888 2152 977 Clavii,
2226 912 2451 984 quam

322 999 765 1096 quamlibet
831 1023 1056 1072 unam
1142 1024 1231 1073 ex
1295 999 2044 1075 demonstrationibus
2112 1000 2447 1075 Wallisii.

321 1111 698 1208 Denique
723 1113 1263 1209 propositiones
1317 1113 1461 1186 illae
1520 1137 1567 1185 a
1621 1113 1971 1209 quolibet,
2010 1114 2138 1211 qui
2194 1139 2447 1189 earum

321 1225 707 1321 intelligit
741 1223 1400 1298 demonstrationes
1426 1226 1940 1321 geometricas,
1997 1250 2148 1301 non
2204 1228 2445 1301 minus

325 1336 435 1410 ad
498 1361 857 1410 numeros
893 1337 1249 1434 applicari
1274 1350 1589 1433 possunt
1617 1361 1884 1434 quama
1920 1339 2172 1414 Clavio
2201 1342 2435 1438 appli-

326 1462 541 1524 catae
568 1463 762 1523 sunt.

443 1565 550 1636 B.
606 1565 1007 1660 Pergamus
1036 1587 1210 1661 ergo
1246 1563 1341 1637 ad
1366 1563 1612 1660 Caput
1634 1565 1855 1656 xxiw,
1869 1566 1997 1640 De
2018 1567 2440 1642 Geodoesia.

335 1678 501 1751 Sed
589 1677 854 1773 primo,
927 1677 1047 1752 dic
1113 1676 1298 1752 mihi
1369 1677 1547 1774 quid
1616 1677 1863 1752 differt
1938 1680 2329 1755 Geodaesia
2397 1707 2444 1755 a

344 1791 786 1866 Geometria
814 1797 859 1866 2

449 1902 542 1978 A.
595 1906 827 1995 Nihil,
858 1906 1000 1979 nisi
1036 1907 1233 2003 quod
1272 1906 1707 2003 quibusdam
1734 1906 2150 1980 hominibus
2171 1908 2440 1981 mirum

338 2019 427 2092 in
463 2018 768 2093 modum
802 2019 1048 2116 placet
1083 2045 1348 2093 vocum
1397 2019 1819 2094 Graecarum
1864 2020 2275 2093 efformatio
2306 2020 2438 2093 ali-

341 2156 491 2228 qua
521 2133 641 2206 vel
668 2132 1105 2229 compositio
1147 2158 1362 2224 nova,
1402 2135 1498 2208 ad
1526 2134 2094 2208 ostentationem
2153 2134 2438 2229 peritiae

341 2246 617 2343 linguae
652 2247 956 2320 Graecae.
1062 2246 1208 2321 Sed
1261 2246 1386 2319 diu
1440 2271 1639 2319 nunc
1695 2257 1808 2319 est
1866 2245 2066 2343 quod
2120 2270 2208 2319 ea
2269 2270 2436 2337 vox,

342 2359 767 2456 significans
801 2371 1023 2433 terrae
1059 2359 1512 2447 divisionem,
1539 2383 1675 2456 pro
1730 2371 1942 2456 parte
2001 2360 2182 2432 artis
2247 2359 2440 2456 agri-

345 2497 768 2547 mensorum
828 2483 1183 2570 usurpata
1236 2483 1373 2545 est.
1476 2471 1697 2545 Nosti
1753 2496 1973 2570 quam
2035 2473 2302 2570 exigua
2359 2485 2436 2548 et

348 2589 516 2662 trita
547 2612 724 2685 pars
771 2612 858 2660 ea
893 2587 992 2660 sit
1022 2586 1471 2683 geometriae,
1527 2610 1673 2682 qua
1718 2598 2031 2660 utuntur
2065 2588 2433 2684 agrimen-

353 2724 571 2775 sores.
677 2701 1009 2774 Docetur
1043 2710 1291 2773 autem
1331 2698 1474 2771 hoc
1534 2699 1775 2796 capite
1836 2700 2007 2773 novi
2058 2700 2264 2791 nihil,
2301 2699 2433 2773 sed

350 2814 717 2912 quomodo
778 2812 1338 2910 triangulorum,
1400 2822 1475 2885 et
1534 2811 1844 2908 proinde
1883 2810 2432 2911 polygonorum

347 2929 917 3017 rectilineorum,
954 2950 1145 2999 areae
1198 2924 1295 2998 ad
1350 2948 1825 2999 numerorum
1890 2924 2253 2999 calculum
2314 2949 2431 2999 re-

348 3042 516 3115 duci
550 3042 816 3115 solent.

448 3155 547 3229 B.
602 3154 871 3228 Nonne
904 3151 1126 3225 etiam
1185 3151 1442 3224 circuli
1498 3161 1573 3223 et
1627 3163 1996 3224 sectorum
2050 3174 2428 3227 mensura-

345 3270 649 3357 tionem,
679 3278 754 3340 et
787 3264 1308 3363 quadraturam
1344 3264 1601 3338 circuli
1634 3265 1757 3337 hic
1793 3264 2066 3337 docet?

441 3379 541 3453 A.
598 3379 962 3452 Scribitur
989 3377 1284 3475 quidem
1306 3378 1379 3450 in
1402 3377 1733 3473 margine
1758 3375 1950 3466 libri,
1974 3378 2426 3450 men-ruratio

347 3493 610 3567 circuli
665 3502 740 3565 et
792 3492 1221 3590 portionum
1281 3491 1440 3586 ejus
1465 3516 1494 3573 ,·
1547 3501 1624 3563 et
1668 3488 1888 3586 paulo
1945 3489 2270 3580 inferius,
2330 3490 2427 3565 de

347 3607 614 3682 circuli
665 3605 1138 3705 quadratura
1164 3631 1192 3689 ,·
1261 3614 1338 3677 et
1389 3604 1592 3677 ratio
1634 3603 2038 3702 perimetri
2096 3604 2424 3678 circula-

346 3723 459 3796 ris
491 3722 603 3796 ad
645 3720 1105 3793 diametrum.
1207 3719 1297 3792 In
1331 3728 1540 3791 textu
1576 3727 1822 3791 autem
1880 3729 2106 3814 negat
2151 3740 2228 3791 se
2262 3718 2423 3792 haec

350 3836 633 3925 docere,
670 3834 802 3907 sed
837 3833 930 3907 de
964 3833 1105 3907 illis
1138 3832 1370 3906 fusius
1407 3830 1692 3904 dictum
1727 3854 1885 3904 esse
1921 3831 2100 3904 dicit
2156 3831 2231 3904 in
2290 3856 2423 3905 sua

346 3948 835 4022 Arithmetica
857 3944 1343 4041 Infinitorum.
1398 3943 1602 4016 Dicit
1622 3954 2002 4040 praeterea,
2023 3942 2422 4042 Josephum

346 4061 836 4161 Scaligerum,
911 4058 1339 4131 Severinum
1404 4056 2101 4156 Longomontanum,
2163 4066 2237 4129 et
2285 4081 2419 4128 nu-

331 4176 667 4273 perrime
732 4174 1090 4248 Thomam
1159 4170 1484 4263 Hobbes,
1543 4171 1998 4244 immortales
2050 4168 2196 4242 sibi
2248 4167 2421 4241 inde

340 4289 663 4389 singulis
700 4286 961 4362 laudes
995 4284 1251 4359 deberi
1277 4283 1747 4374 somniantes,
1783 4284 1973 4357 mire
2003 4279 2419 4354 hallucina-

336 4414 448 4476 tos
480 4427 670 4477 esse.
