3094 5125
488 690 540 731 P.

727 486 871 553 494
1362 499 1726 553 cunano
1768 499 2154 552 sPnAERAE.

727 666 871 741 erit
903 667 1266 764 quadrato
1301 666 1550 744 FGHI
1582 668 2034 766 parallelum,
2068 678 2144 742 et
2178 667 2697 741 distinctum
2729 683 2892 758 par-

727 781 925 854 tibus
962 780 1222 855 iisdem
1258 782 1523 877 quibus
1559 781 2038 877 distinguitur
2074 780 2589 877 quadratum
2653 777 2896 872 ipsum

727 891 975 970 FGHI
1009 894 1085 966 in
1120 894 1335 967 dictis
1369 884 1689 989 punctis.
1795 897 2040 990 Atque
2073 894 2271 968 idem
2312 892 2803 985 continget,
2838 886 2895 958 si

727 1006 1006 1081 eaedem
1041 1008 1683 1104 perpendiculares
1716 1007 2100 1103 productae
2155 1008 2303 1080 sint
2374 1006 2507 1081 ad
2566 1001 2896 1077 eandem

728 1119 1221 1205 altitudinem,
1258 1121 1411 1210 AC,
1448 1120 1642 1194 infra
1671 1121 2158 1194 horizontem.

832 1232 1208 1323 Similiter,
1244 1233 1305 1306 si
1339 1236 1417 1306 in
1452 1234 1748 1330 punctis
1772 1234 1866 1321 Q,
1879 1235 1957 1323 P,
1973 1237 2033 1323 θ,
2050 1235 2140 1324 R,
2162 1268 2222 1322 η,
2245 1239 2303 1321 Ζ,
2321 1234 2422 1322 S,
2452 1265 2519 1320 ε,
2561 1247 2631 1319 ὃ,
2648 1230 2746 1317 Τ,
2762 1248 2897 1323 yffi,

725 1346 804 1419 in
840 1345 1306 1420 altitudinem
1341 1348 1477 1420 AY
1511 1347 1891 1442 erigantur
1921 1347 2635 1445 perpendiculares
2667 1365 2901 1437 supra

726 1459 1212 1548 horizontem,
1246 1461 1549 1556 planum
1585 1459 1889 1533 ductum
1940 1484 2074 1557 per
2118 1461 2430 1533 illarum
2495 1455 2897 1531 terminos

726 1572 870 1646 erit
903 1573 1261 1669 quadrato
1298 1570 1556 1663 QRST
1589 1572 2039 1669 parellelum.
2126 1575 2373 1670 Atque
2419 1572 2672 1646 idem
2716 1591 2898 1641 cou-

726 1686 967 1783 tiuget
1000 1687 1224 1761 etiam
1258 1687 1453 1759 infra
1482 1686 1991 1760 horizontem:
2045 1699 2412 1783 eruntque
2457 1684 2687 1760 facti
2738 1680 2889 1752 duo

726 1800 918 1891 cubi,
958 1823 1270 1896 quorum
1315 1799 1547 1872 latera
1581 1813 1754 1873 sunt
1789 1799 1930 1873 GH
1969 1809 2045 1873 et
2098 1801 2262 1875 QR.
2369 1800 2667 1895 Super
2705 1818 2889 1868 ceu-

724 1923 923 1986 trum
959 1914 1025 1984 A
1064 1912 1552 1987 constituatur
1587 1911 2027 2007 quadratum
2082 1913 2281 2011 adfg
2313 1912 2647 2009 aequale
2687 1908 2884 1981 dua-

724 2025 862 2098 bus
919 2025 1153 2099 tertiis
1209 2026 1435 2099 totius
1473 2026 1815 2121 quadrati
1851 2022 2122 2100 GHIF.
2224 2024 2632 2116 Quoniam
2689 2043 2881 2115 ergo

725 2140 1162 2235 quadratum
1200 2138 1456 2230 QRST
1490 2140 1770 2236 aequale
1805 2152 1915 2213 est
1966 2139 2242 2213 circulo
2278 2138 2604 2228 BDCE,
2650 2136 2726 2210 si
2773 2130 2872 2206 ad

723 2265 1002 2350 puncta
1036 2250 1122 2343 Q,
1147 2252 1238 2342 R,
1268 2250 1339 2341 S,
1366 2251 1428 2325 T
1470 2253 1852 2348 erigantur
1903 2266 2126 2326 rectae
2171 2251 2869 2349 perpendiculares

724 2391 1034 2463 quarum
1081 2390 1540 2462 unaquaeque
1583 2365 1885 2462 aequalis
1933 2365 2028 2439 sit
2073 2365 2435 2441 diametro
2487 2367 2669 2455 CE,
2731 2363 2865 2434 fiet

724 2480 1039 2555 solidum
1073 2479 1583 2576 rectangulum
1618 2480 1899 2577 aequale
1933 2479 2266 2577 cylindro
2302 2480 2752 2554 constituto
2775 2474 2852 2546 iu

724 2593 981 2668 eadem
1017 2593 1430 2667 altitudine.

826 2708 1069 2803 Hujus
1131 2704 1443 2801 cylindri
1504 2703 1672 2778 duae
1731 2707 1973 2780 tertiae
2023 2707 2344 2804 aequales
2405 2718 2598 2780 sunt
2675 2703 2847 2799 (per

727 2817 1279 2910 Archimedem)
1300 2817 1608 2912 sphaerae
1643 2842 1690 2892 a
1724 2818 2085 2894 diametro
2124 2821 2290 2892 CE:
2325 2844 2632 2917 nempe,
2663 2837 2845 2914 par-

722 2929 1265 3030 allelipipedum
1318 2933 1833 3029 rectangulum
1896 2935 2104 3029 cujus
2156 2933 2467 3007 altitudo
2518 2943 2644 3006 est
2697 2951 2836 3025 ag,

723 3058 802 3120 et
834 3047 998 3120 duae
1024 3045 1514 3119 dimensiones
1547 3046 1848 3141 reliquae
1884 3058 2056 3119 sunt
2080 3046 2215 3119 TR
2236 3057 2311 3119 et
2339 3047 2503 3135 QR,
2534 3040 2834 3142 aequale

725 3160 867 3234 erit
921 3160 1249 3256 sphaerae.
1375 3159 1579 3232 Inter
1631 3159 1823 3232 latus
1869 3159 2005 3242 TQ
2061 3171 2136 3233 et
2184 3158 2661 3234 altitudinem
2720 3176 2832 3250 ag

725 3285 1055 3347 sumatur
1113 3272 1357 3346 media
1414 3273 1982 3370 proportionalis
2035 3272 2153 3362 lm,
2214 3273 2822 3369 compleaturque

725 3386 1165 3483 quadratum
1199 3385 1413 3459 Ielmn.
1497 3386 1867 3460 Quoniam
1897 3409 2073 3481 ergo
2106 3385 2342 3459 latera
2375 3386 2535 3473 ΤΟ,
2559 3386 2685 3473 Im,
2711 3403 2822 3478 ag

725 3511 898 3574 sunt
932 3499 1283 3572 continue
1317 3499 1923 3596 proportionalia,
1959 3500 2101 3573 erit
2145 3499 2587 3596 quadratum
2615 3497 2819 3572 klmn

722 3611 1001 3708 aequale
1034 3611 1463 3707 rectangulo
1499 3614 1635 3686 sub
1669 3613 1829 3701 Ta,
1863 3637 1993 3710 ag.
2082 3613 2331 3687 Quare
2368 3613 2813 3708 quadratum

724 3726 919 3799 klmn
954 3725 1260 3799 ductum
1294 3723 1372 3796 in
1428 3748 1640 3798 suum
1690 3725 1884 3799 latus
1920 3725 2014 3798 Im
2051 3725 2333 3822 aequale
2376 3726 2518 3798 erit
2572 3722 2810 3799 solido

724 3840 860 3913 sub
891 3840 1053 3928 ΤΘ,
1090 3837 1208 3927 Im,
1234 3862 1361 3935 ag.
1453 3838 1824 3920 Quoniam
1859 3862 2037 3934 ergo
2073 3837 2258 3911 ratio
2295 3837 2637 3934 quadrati
2664 3834 2810 3910 alcu

722 3952 820 4025 ad
862 3951 1299 4048 quadratum
1346 3950 1438 4023 ab
1475 3974 1607 4048 ag,
1646 3949 2020 4047 duplicata
2066 3963 2178 4024 est
2229 3950 2536 4024 rationis
2590 3971 2810 4046 quam

723 4066 949 4140 habet
980 4064 1296 4139 altitudo
1331 4064 1427 4138 lm
1467 4063 1564 4138 ad
1599 4089 1732 4161 ag,
1759 4076 1835 4137 et
1873 4064 2185 4140 altitudo
2209 4065 2348 4138 ΤΟ.
2368 4064 2465 4137 ad
2486 4060 2804 4137 altitudi-

723 4203 895 4252 nem
962 4204 1070 4278 ag
1130 4177 1579 4274 duplicatam
1649 4178 1871 4252 habet
1939 4179 2302 4252 rationem
2370 4179 2527 4274 ejus
2588 4200 2808 4274 quam

722 4293 946 4365 habet
999 4290 1312 4364 altitudo
1346 4291 1486 4365 ΤΘ
1519 4290 1616 4364 ad
1671 4291 2134 4365 altitudinem
2189 4291 2307 4382 Im,
2343 4302 2564 4364 erunt
2597 4291 2803 4363 bases

725 4404 1124 4480 solidorum
1158 4405 1293 4479 sub
1327 4405 1490 4496 ΤΟ,
1519 4405 1639 4496 lm,
1668 4431 1798 4505 ag,
1839 4416 1912 4480 et
1947 4405 2368 4480 altitudines
2405 4403 2803 4479 eorundem

3066 2026 3068 2091 ι

3066 2120 3068 2207 A
