3094 5125
869 508 1231 563 cnam-10
1272 508 1660 574 spnAEnAE,
1697 508 1874 561 mc.
2273 494 2408 559 511

433 673 751 749 Videant
776 699 974 750 nune
999 689 1395 772 geometrae
1419 701 1673 752 omnes
1695 678 1822 773 qui
1849 687 2022 750 sunt
2040 674 2157 759 v‚el
2177 686 2419 762 erunt,
2451 700 2537 741 An
2567 700 2735 740 mox».
2768 702 2824 741 v.

333 809 428 860 an
455 787 865 862 convellere
891 789 1051 863 haee
1077 801 1452 886 poterunt.
1525 791 1658 864 Sin
1683 791 1899 864 firma
1924 790 2096 878 sint,
2118 787 2422 861 videant

334 923 431 974 an
457 915 895 997 argumenta
918 901 1388 993 ProfessoriS,
1411 927 1577 999 quae
1598 903 1720 977 hic
1749 914 1822 977 et
1848 903 1927 976 in
1950 900 2422 999 sequentibus

334 1013 413 1085 in
464 1015 919 1089 contrarium
968 1015 1273 1090 adducit
1323 1016 1813 1106 arithmetica,
1850 1016 2075 1112 digna
2109 1015 2256 1089 sint
2305 1038 2422 1088 re-

335 1128 770 1223 sponsione:
809 1139 885 1201 et
910 1152 1007 1202 an
1034 1128 1411 1202 Professor
1437 1129 1578 1203 iste
1608 1129 2319 1202 demonstrationum
2345 1128 2424 1200 in

334 1241 744 1336 geometria
786 1241 1016 1337 judex
1049 1241 1358 1315 idoneus
1392 1242 1641 1316 fuerit.
1745 1242 2066 1316 Videant
2099 1266 2323 1339 porro
2360 1242 2423 1314 si

335 1354 643 1449 quaestio
682 1354 1028 1453 deinceps
1074 1357 1271 1429 inter
1315 1380 1434 1429 me
1482 1370 1560 1431 et
1609 1355 2112 1430 arithmeticos
2149 1355 2242 1428 de
2282 1354 2430 1428 hae

333 1490 441 1556 re,
478 1466 622 1540 alia
668 1491 826 1542 esse
859 1469 1089 1566 possit
1137 1493 1358 1564 quam
1409 1469 1500 1543 de
1534 1470 1907 1543 rationum
1947 1491 2425 1542 numerorum

335 1578 412 1650 in
451 1580 860 1674 geometria
904 1579 1417 1678 ineptitudine.
1522 1582 1675 1655 Illis
1728 1594 1978 1655 autem
2025 1580 2423 1671 Professor,

333 1714 543 1788 prop.
576 1701 646 1781 5,
683 1698 756 1783 7,
785 1701 862 1781 9,
896 1702 1013 1784 10,
1051 1702 1164 1784 11,
1193 1705 1271 1768 et
1315 1704 1427 1784 12,
1454 1695 1629 1768 solis
1661 1695 1924 1768 utitur.

876 1991 988 2044 AD
1026 1989 1718 2043 PROPOSITIONEM
1756 1990 1872 2042 vl.

437 2120 1017 2217 Propositionem
1057 2120 1251 2194 hane
1296 2119 1634 2193 absolvit.
1741 2121 1957 2194 Sanae
1991 2144 2171 2217 ergo
2224 2133 2419 2210 sunt,

337 2259 506 2308 cum
533 2234 681 2309 suis
709 2233 1135 2324 corollariiS,
1171 2227 1431 2331 prima,
1461 2234 1708 2324 tertia,
1737 2245 2022 2330 quarta,
2054 2235 2315 2332 quinta
2347 2246 2424 2313 et

338 2360 570 2423 sexta.

864 2594 976 2647 AD
1014 2594 1707 2651 PROPOSITIONEM
1745 2596 1897 2651 vn.

439 2721 771 2820 Septima
819 2734 958 2813 est,
1005 2725 1444 2821 quadratum
1495 2725 1590 2799 ab
1624 2725 1777 2815 AZ,
1814 2725 1930 2798 vel
1981 2725 2101 2815 Ze,
2138 2726 2421 2823 aequale

340 2847 455 2909 est
497 2844 585 2910 10
622 2836 1003 2932 quadratis
1038 2861 1085 2910 a
1117 2850 1381 2933 quarta
1429 2852 1645 2934 parte
1690 2839 1914 2913 radii:
1968 2863 2190 2935 quam
2238 2838 2422 2912 dicit

341 2973 499 3023 esse
519 2948 801 3040 falsam,
825 2960 898 3024 et
919 2959 1161 3025 rectas
1185 2949 1347 3041 ΑΟ,
1362 2951 1491 3026 ΑΖ
1511 2976 1650 3048 pro
1672 2953 2073 3051 aequalibus
2092 2966 2421 3050 sumptas

340 3086 496 3136 esse
529 3062 783 3159 gratis.

436 3176 678 3249 Tuum
713 3187 850 3264 est,
877 3176 1134 3267 lector,
1159 3178 1302 3250 hoc
1337 3175 1763 3272 dijudicare.
1837 3178 2301 3253 Quadratum
2327 3180 2419 3253 ab

340 3287 479 3364 AO
513 3289 793 3387 aequale
843 3301 957 3364 est
1004 3293 1055 3364 '5
1108 3290 1485 3389 quadratis
1537 3315 1585 3364 a
1634 3289 1938 3367 dimidia
1971 3292 2121 3384 GC,
2157 3291 2236 3366 id
2282 3306 2421 3382 est,

340 3402 782 3499 quadratum
819 3404 912 3477 ab
949 3401 1087 3478 AO
1123 3415 1240 3477 est
1271 3403 1553 3500 aequale
1588 3413 1689 3478 20
1716 3404 2093 3501 quadratis
2128 3430 2173 3480 a
2209 3405 2422 3480 dimi-

341 3515 509 3589 dia*
546 3516 702 3591 GC.
807 3517 1113 3591 Nullum
1145 3517 1269 3591 hie
1305 3516 1612 3590 dubium
1645 3529 1780 3591 est.
1887 3517 2128 3609 Quare
2163 3532 2420 3593 centro

340 3629 433 3716 A,
467 3629 673 3704 radio
710 3629 871 3720 AO,
910 3631 971 3704 si
1007 3630 1322 3705 dueatur
1354 3654 1569 3704 arcus
1596 3630 1852 3705 circuli
1887 3656 2141 3707 secans
2178 3633 2308 3705 AG
2344 3632 2423 3705 in

341 3765 408 3830 c,
461 3742 904 3837 quadratum
955 3745 1049 3818 ab
1100 3745 1212 3818 Ac
1260 3744 1543 3841 aequale
1595 3745 1739 3818 erit
1798 3755 1895 3820 20
1948 3745 2324 3842 quadratis
2379 3770 2425 3819 a

341 3866 603 3950 quarta
649 3867 861 3951 parte
894 3856 1051 3947 GC,
1088 3858 1241 3932 sive
1277 3865 1375 3933 20
1412 3857 1945 3932 decimissextis
1979 3858 2208 3932 totius
2243 3882 2426 3956 qua-

344 3966 540 4040 drati
573 3992 619 4041 a
652 3968 822 4053 GC;
877 3981 953 4043 et
1001 3983 1395 4068 propterea
1429 3970 1875 4068 quadratum
1920 3996 1967 4045 a
2009 3971 2110 4045 Ze
2141 3971 2425 4068 aequale

342 4090 453 4153 est
496 4087 584 4154 10
620 4080 1147 4156 decimissextis
1182 4083 1523 4182 quadrati
1553 4108 1599 4157 a
1630 4084 1780 4158 GC.

444 4193 700 4291 Itaque
736 4194 1049 4267 absurde
1082 4195 1259 4270 feeit
1294 4197 1668 4271 Professor
1703 4161 2080 4272 destruere
2116 4211 2425 4274 conatus

635 4444 670 4480 ¹
718 4442 817 4504 Sic
843 4443 979 4504 edit.
1018 4445 1187 4503 1669.
1275 4443 1483 4517 Quaere
1514 4450 1551 4480 “
1573 4466 1608 4505 a
1626 4455 1832 4521 quarte
1860 4446 2056 4525 parte”
2084 4447 2110 4506 ἲ
