3094 5125
637 496 776 562 190
1065 510 1606 563 nxAMINA‘no
1648 511 1750 562 ΕΤ
1787 510 2284 562 EMENnArto

247 698 550 741 mucuns
630 676 949 749 dicerem
998 678 1458 774 plagiarium.
1566 677 1713 749 Sed
1770 701 1915 772 quo
1963 686 2149 750 teste
2184 699 2340 749 rem
2401 676 2506 748 ita
2557 701 2714 750 esse

371 780 403 819 V

251 807 540 880 ς-Ὗζϋ
628 792 1070 884 probaverit,
1101 793 1161 864 si
1197 815 1379 886 opus
1415 789 1563 862 sit?

727 904 828 976 B.
885 903 1246 978 Quaesivit
1283 904 1621 976 Hobbius
1646 926 1772 997 per
1794 901 2178 996 epistolam
2200 925 2245 973 a
2266 913 2529 996 quarto
2558 902 2711 990 illo,

630 1039 847 1111 quem
906 1040 1056 1089 non
1111 1014 1544 1099 nominavit,
1604 1024 1853 1087 utrum
1908 1013 2242 1086 chartula
2297 1013 2424 1085 illa
2482 1015 2710 1109 ipsius

628 1142 821 1202 esset
855 1129 1298 1216 Robervalli,
1334 1151 1592 1201 necne.
1698 1127 1769 1199 Is
1825 1140 2073 1199 autem
2127 1128 2411 1200 nescire
2470 1151 2548 1199 se
2598 1152 2711 1199 re-

628 1241 942 1336 scripsit,
981 1243 1188 1338 cujus
1224 1252 1458 1325 esset;
1514 1239 1642 1312 sed
1668 1253 2009 1336 paratum
2070 1263 2147 1312 se
2204 1253 2470 1312 testem
2528 1264 2708 1327 esse,

625 1354 865 1428 lucem
903 1368 978 1429 et
1004 1355 1432 1429 methodum
1470 1353 2114 1426 demonstrationis
2151 1376 2300 1425 suae
2342 1354 2709 1448 accepisse

626 1468 719 1539 ab
751 1469 1044 1543 Hobbio
1086 1468 1627 1543 Robervallum.
1699 1467 1823 1539 Sic
1860 1466 2056 1538 enim
2090 1467 2348 1539 scribit
2395 1467 2703 1540 Gallice:

625 1586 671 1619 “
691 1581 736 1654 J
741 1607 781 1654 e
815 1587 987 1679 n’ay
1021 1607 1152 1680 pas
1186 1607 1327 1655 veu
1363 1607 1443 1654 sa
1478 1580 2086 1668 demonstration,
2115 1581 2301 1653 mais
2338 1581 2706 1676 ququu'il

621 1694 836 1785 fasse,
872 1695 924 1768 il
958 1720 1050 1769 ne
1075 1707 1251 1793 peut
1287 1696 1580 1769 desnier
1634 1716 1774 1789 que
1833 1717 2016 1766 vous
2069 1716 2164 1765 ne
2219 1718 2437 1788 soyez
2488 1718 2705 1766 cause

624 1808 798 1904 qu’il
827 1809 928 1882 ait
965 1811 1228 1883 trouve
1265 1820 1459 1882 cette
1493 1806 1976 1903 proposition,
2012 1807 2322 1902 puisque
2348 1831 2528 1879 vous
2581 1808 2706 1903 luy

622 1946 800 1995 avez
835 1922 1077 1996 donne
1104 1924 1336 2013 l’idee,
1365 1934 1441 1997 et
1485 1923 1555 1995 le
1590 1922 1782 2017 sujet
1833 1920 1923 1993 de
1958 1920 2030 1992 la
2063 1930 2380 1993 trouver.
2506 1921 2704 1994 C'est

621 2059 705 2108 ce
743 2060 884 2131 que
911 2038 988 2132 je
1024 2039 1563 2133 tesmoigneray
1591 2033 2028 2130 tousjourS.’'

719 2150 819 2221 B.
877 2151 1244 2224 Quoniam
1305 2150 1674 2246 parabolae
1730 2161 1806 2220 et
1868 2146 2463 2242 paraboloideum
2533 2171 2701 2221 cum

610 2261 1334 2359 parallelogrammis,
1363 2276 1439 2336 et
1467 2261 1906 2334 conoideum
1932 2284 2099 2332 cum
2128 2260 2478 2355 cylindris
2500 2286 2699 2335 com-

610 2376 1089 2469 parationem,
1127 2402 1364 2472 neque
1399 2375 1748 2448 methodo
1783 2375 1922 2446 hac
1971 2373 2423 2461 Wallisiana,
2459 2399 2697 2472 neque

610 2487 704 2559 ab
755 2489 906 2560 ullo
962 2489 1105 2561 alio
1168 2490 1621 2586 (quanquam
1655 2486 1875 2583 vulgo
1928 2487 2332 2582 receptam)
2395 2488 2698 2560 demon-

611 2601 1090 2675 strationibus
1126 2603 1341 2675 editis
1379 2602 1959 2674 demonstratam
1996 2623 2154 2672 esse
2192 2601 2399 2689 dicis,
2437 2627 2598 2698 age,
2635 2605 2696 2675 si

611 2738 829 2809 quam
862 2716 1090 2788 habes
1117 2716 1275 2809 ejus
1311 2715 1416 2787 rei
1448 2714 2177 2802 demonstrationem,
2206 2714 2449 2809 profer
2470 2715 2691 2789 illam.

709 2826 803 2901 A.
856 2828 1256 2918 Proferam,
1291 2841 1499 2924 puto,
1528 2851 1834 2923 eamque
1859 2827 2365 2901 universalem.

708 2942 1185 3016 Describatur
1219 2943 1602 3039 parallelo-

605 3080 1015 3151 grammum
1040 3058 1345 3141 ABCD;
1383 3058 1600 3131 intel-

605 3170 1020 3268 ligaturque
1049 3172 1240 3245 basis
1273 3173 1405 3245 AB
1443 3198 1597 3246 mo-

605 3286 760 3357 veri
794 3288 1144 3381 parallela
1170 3287 1266 3360 ad
1301 3288 1454 3378 CD,
1493 3288 1598 3360 ita

604 3410 711 3485 ut,
782 3400 957 3474 dum
1018 3416 1377 3491 movetur,
1427 3427 1593 3498 per-

603 3525 827 3610 petuo
901 3514 1279 3589 decrescat
1356 3517 1593 3590 donec

606 3640 990 3702 evanescat
1032 3630 1108 3701 in
1160 3643 1436 3725 puncto
1479 3631 1588 3711 C;
1664 3644 1700 3681 <³

605 3744 844 3839 sitque
928 3744 1117 3817 ratio
1209 3744 1590 3817 diminutae

602 3858 737 3930 AB
772 3857 868 3931 ad
926 3856 1158 3953 ipsam
1216 3859 1346 3930 AB
1403 3859 1591 3931 inte·
1655 3880 1693 3920 Η

602 3995 812 4067 gram
837 3970 1110 4067 ubique
1139 3971 1395 4044 eadem
1423 3997 1589 4068 quae

601 4086 793 4159 ratio
877 4085 1008 4159 Ac
1086 4086 1179 4158 ad
1248 4086 1403 4174 AG,
1473 4089 1588 4160 vel

600 4200 872 4296 ubique
895 4200 1291 4296 duplicata,
1314 4200 1433 4273 vel
1456 4202 1588 4273 tri-

599 4314 893 4410 plicata,
928 4315 1043 4388 vel
1079 4315 1155 4386 in
1208 4315 1351 4387 alia
1396 4338 1834 4414 quacunque
1893 4322 2178 4394 ratione
2240 4320 2543 4393 rationis
2588 4319 2685 4391 ad

598 4428 983 4500 rationem.
1088 4428 1285 4502 Dum
1335 4428 1466 4501 AB
1503 4453 1592 4503 eo
1629 4432 1849 4507 modo
1907 4433 2285 4521 decrescit,
2321 4445 2682 4528 punctum
