3094 5125
248 674 384 717 OAP.
408 677 490 719 vl.

220 743 505 779 Μ--Ὑ-...μ

168 802 237 846 Dc
255 802 417 859 pluvia,
431 811 573 858 vento,

598 471 743 540 350
1147 487 1703 540 PaoBLnMA‘rA
1740 488 2125 541 Pnrsch.

697 653 794 727 B.
843 654 1268 751 Suppositio
1302 655 1425 728 hic
1459 653 1875 728 adhibenda
1909 669 2022 728 est
2047 678 2260 728 nova.

698 767 796 841 A.
854 767 1027 842 Non
1063 768 1312 841 omnia
1344 791 1520 865 ergo
1556 769 1891 842 continet
1921 767 2175 865 pelvis,

166 866 479 982 fflffl‘gffi
501 886 571 917 w
694 881 795 957 B.
851 881 1051 956 Quid
1084 880 1238 954 ita?
1340 881 1765 978 Suppositio
1800 881 1995 955 enim
2032 903 2254 977 quam
2287 876 2679 975 adJunetu-

593 1017 720 1068 rus
753 1018 939 1086 sum,
975 1019 1126 1069 non
1162 994 1486 1068 obstabit
1516 1022 1534 1065 ε
1591 1018 1754 1091 quae
1805 995 1966 1069 haec
2013 1004 2150 1083 est,
2186 989 2385 1089 qnod
2430 1002 2680 1064 motus

591 1107 715 1180 ille
743 1130 961 1204 quem
996 1107 1344 1203 supposui
1380 1106 1457 1178 in
1491 1118 1715 1196 terra,
1743 1105 1919 1195 sole,
1947 1118 2024 1179 et
2048 1105 2289 1194 astris,
2311 1114 2424 1177 est
2449 1103 2679 1176 etiam

590 1222 669 1294 in
704 1218 958 1293 eor'um
994 1219 1314 1293 minimis
1348 1218 1750 1316 particulis.
1857 1219 2052 1292 Nam
2099 1219 2161 1292 si
2208 1230 2455 1291 motus
2506 1218 2675 1290 talis

590 1335 669 1407 in
704 1332 966 1407 tellure
1012 1356 1267 1407 revera
1304 1333 1502 1421 insit,
1538 1356 1764 1430 quare
1817 1332 2317 1406 dubitabimus
2359 1354 2454 1403 an
2501 1330 2677 1404 insit

593 1446 815 1520 etiam
849 1446 926 1519 in
962 1446 1267 1542 singulis
1301 1447 1634 1542 partibus
1668 1447 1826 1543 ejus
1870 1428 2227 1520 seorsim?
2332 1445 2525 1518 Nam
2562 1456 2674 1517 to-

589 1572 749 1632 tum
784 1571 862 1632 et
894 1570 1139 1655 partes
1172 1558 1499 1656 ejusdem
1533 1571 1707 1633 sunt
1739 1571 2048 1634 naturae.
2121 1559 2199 1632 Si
2226 1581 2396 1655 pars
2429 1558 2674 1654 aliqua

586 1683 805 1745 terrae
840 1672 1484 1769 quantulacunque
1508 1672 1798 1746 sublata
1821 1684 2014 1746 esset
2041 1695 2084 1745 e
2108 1694 2354 1745 rerum
2381 1685 2671 1765 natura,

586 1808 766 1858 num
799 1783 967 1859 ideo
1001 1797 1245 1859 motus
1277 1785 1399 1859 ille
1434 1785 1815 1859 tolleretur
1846 1785 1925 1858 in
1955 1796 2169 1881 parte
2203 1783 2537 1880 reliqua?
2591 1785 2672 1858 Si

587 1914 1009 1995 magnetem
1052 1899 1371 1996 frangas,
1408 1922 1866 1996 unaquaeque
1912 1921 2083 1995 pars
2130 1900 2288 1994 ejus
2321 1897 2670 1971 virtutem

590 2013 817 2087 totius
851 2014 1220 2099 retinebit,
1255 2037 1673 2112 quanquam
1704 2037 1843 2110 pro
1877 2012 2163 2087 ratione
2218 2011 2670 2108 magnitudi-

586 2128 703 2201 nis
737 2125 1196 2201 diminutam.
1301 2127 1450 2201 Cur
1483 2151 1663 2225 ergo
1708 2126 1903 2202 idem
1947 2150 2097 2201 non
2145 2127 2278 2200 fiet
2322 2126 2400 2200 in
2446 2126 2670 2222 parti-

586 2241 770 2314 culis
802 2240 1070 2315 terrae?

686 2353 788 2427 A.
841 2353 1335 2450 Supponatur.
1438 2352 1682 2449 Atque
1717 2353 1964 2436 etiam,
2002 2351 2200 2448 quod
2234 2352 2451 2425 simul
2497 2376 2666 2425 cum

583 2490 778 2565 aqua
815 2467 1021 2558 (nam
1053 2464 1268 2539 video
1310 2488 1458 2561 quo
1507 2465 1778 2558 tendis)
1825 2465 2077 2540 multae
2122 2465 2198 2538 in
2245 2466 2477 2538 nubes
2520 2465 2666 2539 ele-

583 2592 849 2654 vantur
883 2604 930 2654 a
961 2580 1205 2654 calore
1240 2578 1412 2652 solis
1447 2579 1676 2652 atomi
1710 2592 1992 2653 terreae.
2100 2577 2299 2653 Quid
2335 2579 2508 2652 inde
2554 2602 2665 2653 se-

583 2693 835 2789 quitur
861 2693 887 2764 ἒ

687 2804 785 2879 B.
841 2805 921 2878 Si
955 2805 1184 2878 nubes
1208 2803 1535 2902 gravidae
1561 2804 1970 2902 permultae,
1996 2805 2159 2879 aliae
2185 2805 2664 2879 ascendentes

579 2918 743 2993 aliae
777 2917 1331 3008 descendenteS,
1369 2928 1841 3003 concurrant,
1873 2917 2292 3014 faciantque
2325 2942 2459 3015 per
2493 2943 2661 2992 con-

580 3054 878 3106 cursum
911 3032 1410 3106 concavitates
1442 3030 1698 3129 plenas
1732 3053 1923 3119 aere,
1958 3043 2036 3103 et
2079 3054 2442 3105 concursu
2484 3057 2661 3105 con-

578 3143 867 3219 tinuato
902 3145 1139 3242 spatia
1169 3145 1296 3219 illa
1327 3166 1512 3217 cava
1546 3154 1952 3231 coarctent,
1979 3142 2085 3215 ita
2109 3155 2194 3216 ut
2218 3145 2310 3216 ab
2336 3146 2661 3241 expressi

579 3259 772 3332 aeris
813 3270 1018 3332 motu
1062 3259 1194 3331 fiat
1228 3256 1555 3354 glacies:
1620 3278 1917 3329 necesse
1956 3265 2072 3328 est
2114 3267 2197 3329 ut
2242 3258 2467 3329 atomi
2513 3257 2659 3331 illae

582 3383 868 3462 terrete,
890 3394 1058 3467 quae
1089 3394 1357 3468 aquam
1388 3393 1541 3444 non
1575 3381 1729 3443 tam
1760 3368 1977 3442 facile
2002 3382 2415 3465 penetrant,
2440 3371 2659 3444 relin-

579 3498 906 3583 quantur
927 3486 1006 3559 in
1040 3486 1182 3558 illis
1202 3484 1661 3573 cavitatibus,
1686 3483 2085 3556 minoribus
2112 3483 2411 3557 tandem
2437 3508 2657 3581 quam

580 3624 717 3696 pro
774 3599 1058 3673 ratione
1115 3598 1331 3694 spatii
1391 3597 1591 3695 quod
1650 3596 1941 3670 illarum
1999 3608 2245 3671 motus
2306 3597 2654 3694 postulat.

582 3714 842 3811 Itaque
886 3712 1136 3787 alterae
1180 3712 1259 3785 in
1304 3712 1573 3784 alteras
1625 3710 2061 3806 impingent,
2106 3722 2184 3783 et
2230 3725 2435 3784 motu
2481 3708 2656 3783 inde

575 3838 796 3901 aucto
847 3826 1160 3925 glaciem
1207 3825 1477 3911 subit0‚
1525 3824 1747 3898 modo
1795 3824 1916 3897 hic
1961 3823 2182 3898 modo
2238 3825 2413 3915 illic,
2460 3848 2653 3898 rum-

575 3953 780 4038 pent,
816 3953 897 4015 et
929 3963 1087 4014 sese
1120 3938 1563 4028 liberabunt,
1592 3938 1919 4012 tonitrua
1952 3950 2029 4010 et
2061 3936 2354 4034 fulgura
2378 3938 2654 4011 facien-

572 4065 688 4128 tes
712 4077 848 4151 pro
873 4077 1178 4128 numero
1200 4074 1576 4125 carcerum
1600 4052 2091 4124 effractorum.
2162 4051 2436 4148 Fulgur
2457 4052 2652 4125 enim

573 4167 962 4266 phantasia
994 4179 1107 4242 est
1129 4167 1225 4240 ab
1259 4165 1553 4239 actione
1582 4165 1772 4239 aeris
1806 4165 1885 4238 in
1919 4165 2233 4239 oculum.

676 4279 766 4354 A.
824 4282 1035 4380 Saepe
1074 4281 1296 4355 etiam
1332 4302 1593 4353 sereno
1627 4278 1813 4352 coelo
1859 4302 1999 4353 nec
2047 4290 2353 4353 tonante
2398 4278 2651 4374 fulgur

574 4395 749 4485 vidi,
785 4397 1192 4493 praesertim
1226 4417 1547 4491 vespere.
