3094 5125
861 534 1489 588 MATHEMA'rmAE
1532 535 2016 588 nonmaNAE.
2346 520 2482 585 221

416 700 599 772 basis
627 699 720 771 ab
740 700 1014 788 basem,
1044 700 1151 793 (id
1174 712 1308 789 est,
1337 702 1674 775 diametri
1708 704 1903 776 basis
1930 703 2023 775 ad
2046 702 2487 774 diametrum
2573 722 2872 764 unrocus

416 813 603 886 basis
641 812 1077 907 duplicata),
1113 824 1187 886 et
1236 815 1645 888 altitudinis
1682 815 1828 890 DB
1886 817 1979 889 ad
2027 815 2490 888 altitudinem
2572 805 2857 907 ss

413 925 573 998 DF.
681 925 871 997 Sunt
913 938 1157 998 autem
1211 940 1434 1001 rectae
1486 927 1652 1017 DF,
1717 927 1886 1016 DB,
1951 928 2079 1002 Du
2140 928 2490 1001 continue

410 1039 993 1135 proportionales
1018 1040 1253 1136 (prop.
1276 1043 1373 1134 x).
1444 1042 1576 1113 Est
1613 1042 1837 1137 igitur
1859 1043 2051 1114 basis
2089 1043 2179 1115 ab
2213 1043 2488 1130 basem,

410 1166 493 1224 ut
530 1151 671 1225 DF
709 1151 804 1223 ad
847 1151 994 1225 Du.
1127 1152 1612 1249 Componitur
1667 1178 1842 1249 ergo
1903 1155 2092 1227 ratio
2154 1154 2489 1251 cylindri,

409 1266 584 1339 facti
653 1291 699 1340 a
757 1267 1236 1340 conversione
1305 1268 1504 1363 plani
1541 1265 1689 1342 DG
1762 1269 1958 1340 circa
2026 1266 2491 1340 altitudinem

408 1380 788 1477 proprium
825 1378 992 1468 DB,
1031 1380 1124 1453 ad
1175 1382 1586 1478 cylindrum
1623 1381 1899 1454 factum
1935 1405 1981 1455 a
2015 1381 2493 1454 conversione

408 1494 605 1566 circa
638 1493 1101 1566 altitudinem
1130 1496 1504 1591 propriam
1533 1493 1702 1584 DF,
1737 1519 1826 1567 ex
1878 1495 2284 1568 rationibus
2333 1494 2495 1577 alti-

407 1607 684 1680 tudinis
721 1606 863 1679 DF
900 1608 996 1680 ad
1032 1607 1181 1695 Du,
1220 1620 1292 1680 et
1337 1607 1480 1680 DB
1529 1608 1868 1681 diametri
1927 1608 2117 1681 basis
2169 1608 2264 1681 ad
2325 1607 2491 1697 DF,

407 1721 548 1793 hoc
584 1732 720 1808 est,
781 1732 1006 1794 rectae
1044 1721 1173 1793 Du
1222 1720 1318 1793 ad
1371 1720 1835 1793 altitudinem
1891 1719 2059 1793 DB.
2167 1722 2245 1794 Si
2299 1747 2493 1795 com-

406 1844 777 1928 ponantur
813 1858 989 1929 ergo
1026 1834 1217 1907 ratio
1256 1833 1399 1906 BD
1436 1834 1528 1906 ad
1569 1834 1720 1922 Du,
1764 1834 1872 1925 (id
1907 1848 2042 1923 est,
2078 1835 2270 1907 ratio
2298 1836 2491 1908 basis

408 1947 498 2018 ab
534 1947 845 2037 basem),
883 1959 959 2019 et
991 1946 1180 2019 ratio
1221 1946 1366 2018 DB
1402 1946 1495 2018 ad
1525 1945 1693 2033 DF,
1729 1947 1803 2019 id
1855 1959 1991 2034 est,
2030 1946 2158 2019 Du
2190 1947 2285 2019 ad
2323 1947 2490 2038 DB,

408 2060 548 2132 erit
582 2059 768 2132 ratio
797 2060 1108 2154 cylindri
1140 2060 1318 2133 facti
1353 2083 1397 2131 a
1434 2060 1914 2132 conversione
1967 2059 2295 2154 ejusdem
2337 2083 2493 2133 rec-

407 2174 692 2269 tanguli
729 2170 876 2248 DG
914 2174 1113 2246 circa
1148 2173 1317 2263 DB‚
1349 2173 1440 2246 ad
1478 2172 1890 2269 cylindrum
1926 2173 2201 2246 factum
2238 2198 2280 2246 a
2315 2198 2489 2246 con-

408 2288 742 2360 versione
778 2287 1105 2383 ejusdem
1143 2287 1557 2383 reetanguli
1609 2288 1805 2360 circa
1840 2285 2006 2375 DF,
2067 2287 2141 2358 in
2204 2286 2489 2360 ratione

409 2402 815 2497 composita
848 2426 938 2474 ex
972 2402 1378 2475 rationibus
1416 2400 1557 2474 DF
1585 2401 1678 2474 ad
1711 2401 1862 2488 Du,
1898 2412 1975 2473 et
2004 2399 2133 2472 Du
2166 2400 2260 2473 ad
2296 2398 2488 2482 DB;

409 2526 484 2587 et
516 2526 932 2613 propterea,
972 2515 1344 2612 cylindrus
1378 2515 1471 2589 ad
1522 2514 1958 2613 cylindrum,
1993 2526 2070 2587 et
2104 2513 2411 2610 proinde
2451 2526 2486 2607 ἦ

410 2627 602 2700 illius
638 2628 734 2702 ad
770 2629 806 2708 ἑ
843 2629 1086 2724 hujuS‚
1124 2641 1239 2702 est
1285 2641 1367 2703 ut
1426 2626 1565 2701 DF
1626 2628 1720 2702 ad
1779 2626 1946 2700 DB.
2053 2628 2275 2701 Quod
2333 2638 2494 2700 erat

408 2740 1084 2815 demonstrandum.

507 2852 600 2926 Β.
656 2854 732 2927 Si
769 2869 1052 2927 certum
1087 2867 1281 2928 esset
1330 2854 1526 2951 quod
1583 2853 1894 2950 cylindri
1945 2864 2117 2926 sunt
2168 2852 2360 2927 inter
2413 2877 2490 2926 se

410 2968 486 3039 in
522 2969 806 3042 ratione
842 2970 1250 3065 composita
1284 2993 1372 3042 ex
1419 2968 1826 3040 rationibus
1860 2968 2053 3039 basis
2089 2966 2184 3039 ad
2216 2969 2487 3056 basem,

408 3092 481 3153 et
536 3082 944 3155 altitudinis
980 3081 1071 3153 ad
1113 3081 1602 3169 altitudinem,
1651 3080 1974 3152 dubitari
2036 3104 2185 3153 non
2247 3091 2492 3175 posset

410 3192 501 3266 de
538 3196 1015 3268 theorematis
1068 3195 1285 3290 hujus
1322 3194 1657 3267 veritate.
1765 3192 1914 3266 Sed
1980 3193 2109 3265 ubi
2179 3204 2292 3265 est
2350 3194 2492 3267 hoc

409 3306 988 3381 demonstratum
1016 3308 1040 3380 ἒ

508 3421 605 3494 Α.
665 3419 1216 3493 Demonstravit
1274 3418 1639 3504 Hobbius‚
1693 3419 1881 3492 libro
1939 3440 2047 3491 DE
2107 3439 2490 3492 conponu-

412 3535 603 3630 (cap.
663 3535 816 3621 xiii,
875 3545 1012 3605 art.
1090 3534 1236 3622 14).
1344 3531 1563 3606 Quod
1624 3544 1845 3627 caput
1913 3532 2067 3627 ipse
2123 3532 2496 3604 Wallisius

405 3672 555 3721 non
590 3646 1058 3743 improbavit,
1096 3645 1223 3718 sed
1259 3645 1430 3741 quia
1464 3644 1645 3716 nihil
1693 3644 1767 3716 in
1822 3668 1909 3716 eo
1965 3645 2235 3741 reperit
2297 3645 2496 3739 quod

403 3761 647 3856 potuit
717 3760 1001 3848 rodere,
1062 3759 1334 3832 Hobbii
1393 3758 1620 3854 ipsius
1676 3781 1833 3830 esse
1888 3758 2209 3853 negavit.
2324 3758 2493 3830 Non

404 3875 599 3969 quod
630 3873 950 3946 alienum
979 3895 1233 3945 revera
1268 3895 1424 3944 esse
1450 3882 1772 3966 putaret,
1804 3870 1932 3943 sed
1960 3870 2131 3967 quia
2156 3870 2495 3943 instituto

404 3989 560 4083 ejus
594 3986 893 4060 mentiri
929 3984 1323 4080 expedivit.
1426 3984 1838 4057 Theorema
1874 3984 2016 4056 hoc
2068 4006 2217 4054 non
2274 3982 2494 4056 modo

405 4100 479 4172 in
518 4099 1056 4198 quantitatibus
1089 4098 1330 4187 factiS‚
1374 4098 1503 4171 sed
1555 4098 1777 4171 etiam
1830 4097 1901 4169 in
1969 4096 2170 4169 omni
2223 4118 2492 4190 genere

406 4237 651 4286 rerum
704 4212 1066 4285 factarum
1116 4234 1369 4283 verum
1426 4222 1560 4284 est.
1666 4211 1928 4306 Neque
1989 4222 2147 4282 arte
2206 4208 2490 4303 logicae,

408 4325 536 4398 sed
561 4325 850 4398 ratione
887 4336 1176 4397 tantum
1223 4324 1541 4397 naturali
1593 4347 1779 4420 opus
1815 4336 1928 4397 est
1973 4323 2069 4396 ad
2104 4323 2490 4395 veritatem

409 4436 564 4531 ejus
621 4436 1187 4533 agnoscendam.
1322 4437 1516 4510 Satis
1583 4438 1779 4510 enim
1836 4435 2300 4509 manifestum
2356 4448 2489 4522 est,
