3094 5125
951 495 1515 548 PRoBLEMATA
1554 495 1942 548 ansch.
2334 482 2480 548 313

1259 885 1467 959 CAP.
1524 886 1621 960 11.

682 1084 1237 1136 PRoBLEMA'rA
1276 1086 1386 1137 DE
1425 1083 1784 1137 AESTIBUS
1825 1083 2194 1135 MARINIS.

503 1222 593 1298 A.
650 1226 853 1300 QUAE
884 1250 1103 1299 causa
1141 1237 1253 1300 est
1287 1226 1484 1324 quod
1519 1226 1615 1300 ad
1642 1225 1836 1300 idem
1872 1224 2078 1299 littus
2112 1224 2385 1313 affluat,
2408 1235 2483 1299 et

407 1338 576 1411 inde
612 1362 864 1411 rursus
891 1340 1178 1430 refluat,
1213 1364 1532 1414 oceanus
1567 1340 1679 1412 bis
1713 1339 1790 1411 in
1828 1338 1946 1411 die
1980 1337 2346 1412 naturali?

503 1452 601 1525 B.
657 1452 1142 1526 Redeundum
1198 1465 1310 1527 est
1363 1453 1460 1527 ad
1504 1453 1836 1550 pelvem;
1906 1451 1979 1524 in
2039 1476 2183 1548 qua
2234 1451 2482 1525 vidisti

398 1564 642 1653 modo,
673 1578 758 1638 ut
795 1589 926 1661 per
959 1567 1192 1639 latera
1228 1569 1408 1663 ejus,
1446 1592 1615 1640 cum
1651 1577 2094 1653 moveretur,
2123 1589 2314 1660 aqua
2347 1568 2485 1638 cir·

401 1678 729 1752 cumibat
765 1679 1092 1752 simulet
1151 1680 1618 1753 ascendebat.
1726 1679 1994 1774 Cogita
2046 1702 2244 1751 nunc
2303 1678 2482 1774 quid

401 1792 748 1882 eveniret,
806 1792 867 1865 si
922 1817 968 1865 a
1020 1793 1241 1866 labris
1308 1794 1609 1866 summis
1677 1793 1910 1889 pelvis
1976 1816 2110 1888 per
2168 1792 2477 1865 fundum

398 1906 755 1978 transiens
782 1906 1038 1979 affixus
1073 1918 1266 1980 esset
1300 1908 1511 1995 obeX,
1552 1906 1678 2003 qui
1714 1906 2233 1979 circumeuntis
2267 1930 2479 2001 aquae

399 2042 693 2091 cursum
720 2019 1132 2115 impediret.
1235 2020 1504 2093 Nonne
1540 2044 1731 2115 aqua
1764 2043 1933 2093 cum
1967 2020 2045 2091 in
2080 2019 2284 2091 illum
2321 2020 2478 2091 obi-

398 2156 555 2205 cem
592 2133 1054 2229 impingeret,
1089 2144 1581 2206 reverteretur
1623 2131 2007 2206 subsidens
2057 2129 2475 2227 gradatim?

397 2245 661 2319 Nonne
698 2257 772 2318 et
796 2245 993 2318 idem
1029 2247 1493 2343 contingeret
1530 2247 1753 2319 etiam
1800 2245 1896 2318 ad
1951 2244 2256 2317 alteram
2309 2268 2478 2341 par-

396 2371 545 2431 tem
580 2357 832 2447 obiciS,
861 2382 1276 2455 quanquam
1308 2383 1457 2433 non
1493 2358 1754 2433 eodem
1780 2369 2111 2454 tempore
2143 2355 2168 2428 ἕ
2256 2355 2475 2430 Quod

396 2496 562 2545 cum
598 2473 752 2558 fiat,
787 2472 1276 2544 necessarium
1313 2484 1446 2560 est,
1482 2484 1567 2545 ut
1616 2473 1693 2545 in
1741 2471 1941 2545 omni
1987 2481 2231 2543 motus
2266 2493 2475 2567 aquae

392 2584 698 2682 periodo
733 2608 924 2680 aqua
958 2585 1284 2658 elevetur
1312 2597 1387 2659 et
1422 2585 1754 2659 subsidat
1781 2585 1877 2659 ad
1911 2585 2107 2658 idem
2142 2584 2360 2656 latus.

496 2699 592 2771 A.
651 2698 798 2771 Sed
846 2721 1059 2793 quem
1115 2699 1193 2771 in
1246 2723 1521 2772 oceano
1573 2699 1858 2771 obicem
1905 2697 2109 2771 vides
2166 2697 2478 2769 similem

395 2809 499 2884 illi
534 2835 749 2906 quem
784 2811 863 2883 in
897 2810 1105 2908 pelve
1132 2812 1391 2884 statuis
1420 2812 1446 2884 Ρ

498 2924 596 2998 Β.
653 2924 891 2996 Situm
926 2925 1183 2997 oceani
1219 2925 1469 3021 magni
1502 2925 1698 2997 nosti
1731 2949 1823 2998 ex
1868 2925 2134 2998 tabulis
2168 2947 2478 3020 geogra-

393 3037 650 3134 phicis,
684 3049 769 3110 ut
803 3037 996 3110 inter
1025 3037 1383 3110 orientem
1408 3050 1483 3111 et
1518 3038 1977 3111 occidentem
2000 3038 2475 3112 extendatur:

396 3151 658 3248 primo,
716 3153 807 3223 ab
863 3150 1077 3223 India
1122 3150 1217 3223 ad
1262 3162 1550 3248 partem
1612 3150 2012 3224 australem
2069 3151 2473 3235 Americae;

396 3265 686 3355 deinde,
723 3289 815 3338 ex
848 3266 1082 3337 altera
1113 3277 1324 3360 parte
1361 3264 1721 3337 Americae
1766 3263 1863 3337 ad
1916 3264 2223 3338 Indiam.
2329 3264 2481 3337 Ita-

396 3403 535 3475 que
572 3380 635 3452 si
660 3391 860 3452 terra
890 3390 1168 3451 motum
1195 3378 1462 3451 habeat
1500 3377 1790 3474 qualem
1826 3378 2198 3474 supposui,
2221 3401 2478 3450 nasce-

396 3510 517 3570 tur
562 3497 735 3569 inde
789 3519 1041 3568 cursus
1093 3519 1452 3592 aquarum
1504 3497 1760 3569 oceani
1815 3498 1906 3569 ab
1962 3495 2176 3568 India
2220 3518 2474 3569 versus

392 3610 663 3683 fretum
700 3609 1269 3706 Magellanicum
1302 3642 1320 3694 ;
1359 3610 1559 3706 quod
1591 3610 1863 3683 fretum
1898 3611 2164 3683 molem
2190 3620 2478 3682 tantam

396 3746 656 3818 capere
694 3747 844 3795 non
875 3735 1140 3819 potest.
1207 3723 1468 3818 Itaque
1505 3723 1694 3796 obex
1730 3724 1854 3818 qui
1891 3747 2184 3797 cursum
2220 3721 2479 3795 oceani

394 3833 727 3930 impedit,
762 3847 835 3909 et
867 3861 999 3933 per
1026 3837 1246 3910 litora
1280 3860 1661 3934 assurgere
1690 3850 1765 3909 et
1799 3837 2119 3910 residere
2142 3836 2339 3919 facit,
2364 3845 2478 3906 est

394 3973 565 4044 pars
602 3948 728 4021 illa
761 3948 1121 4023 Americae
1155 3951 1519 4023 Australis
1557 3975 1724 4047 quae
1761 3949 2248 4046 Magellanico
2284 3947 2475 4020 freto

395 4062 708 4157 adjacet.
814 4061 1033 4136 Quod
1067 4076 1313 4136 autem
1352 4063 1441 4136 de
1496 4065 1713 4136 litore
1748 4062 2106 4137 Americae
2163 4061 2477 4134 obverso

395 4175 490 4247 ad
526 4173 905 4247 Orientem
939 4175 1114 4264 dixi,
1153 4176 1710 4273 intelligendum
1746 4177 1967 4250 etiam
2003 4185 2112 4248 est
2147 4172 2238 4246 de
2264 4172 2480 4246 litore

395 4311 674 4361 averso.
782 4287 1104 4383 Surgens
1131 4302 1378 4362 autem
1414 4290 1508 4363 ad
1543 4290 1763 4363 litora
1785 4289 2146 4362 Americae
2169 4288 2478 4359 Austra-

394 4401 483 4475 lis
525 4423 865 4490 oceanuS,
904 4423 1124 4474 causa
1180 4413 1288 4475 est
1342 4415 1652 4475 aestuum
1709 4400 1928 4475 maris
1985 4398 2366 4489 Atlantici,
2403 4412 2479 4474 et

2585 1245 2721 1287 cAP.
2752 1245 2818 1284 11.

2557 1311 2845 1347 §.Y—d

2564 1372 2632 1416 De
2652 1371 2831 1448 aas-tibus

2563 1450 2757 1482 mant-u.
