3094 5125
1039 497 1402 551 CURATIO
1444 496 1829 550 spnAEnAE.
2324 482 2459 547 501

384 674 543 737 tum
595 664 686 737 ab
725 663 866 738 Am
917 677 1088 739 sunt
1141 665 1491 763 quinque,
1552 666 1759 760 (nam
1795 666 1932 738 Am
1983 674 2098 737 est
2148 662 2468 735 semissis

383 788 608 851 rectae
642 778 840 870 AO),
887 791 964 852 et
1010 779 1450 875 quadratum
1502 781 1595 854 ab
1635 779 1752 852 Alc
1797 788 1867 853 4.
1974 774 2122 851 Sed
2162 775 2275 866 δὲ,
2315 785 2384 864 5,
2421 783 2466 848 4

383 902 558 963 sunt
617 892 963 966 continue
1023 893 1611 989 proportionales
1664 894 1742 965 in
1802 892 2085 965 ratione
2142 899 2183 962 5
2247 888 2345 964 ad
2395 896 2469 962 4.

384 1002 578 1076 Nam
606 1003 1111 1100 multiplicatis
1134 1006 1474 1080 omnibus
1494 1029 1631 1103 per
1652 1014 1724 1095 4,
1751 1005 1942 1078 fiunt
1973 1004 2294 1096 (ratione
2320 1025 2472 1075 non

384 1117 699 1210 mutata)
734 1125 855 1207 25,
885 1126 1007 1208 20,
1047 1126 1158 1208 16,
1187 1142 1354 1216 quae
1388 1131 1563 1193 sunt
1597 1119 1674 1192 in
1713 1117 2068 1192 continua
2101 1116 2386 1191 ratione
2425 1124 2468 1189 5

382 1229 480 1303 ad
516 1238 586 1304 4.

482 1343 725 1417 Etiam
766 1344 1232 1437 (intermissis
1282 1342 1660 1442 quadratis
1711 1343 2039 1435 alternis)
2073 1342 2249 1439 quia
2292 1365 2470 1440 qua-

383 1457 679 1529 dratum
715 1458 806 1531 ab
843 1458 955 1531 Ac
990 1470 1100 1531 est
1142 1456 1208 1550 ξ
1247 1459 1588 1555 quadrati
1639 1459 1734 1533 ab
1769 1482 1945 1532 areu
1994 1456 2144 1546 ΒΟ,
2181 1467 2257 1530 et
2291 1480 2473 1554 qua-

383 1569 678 1642 dratum
713 1572 806 1643 ab
842 1571 969 1643 AZ
1004 1583 1117 1645 est
1151 1570 1225 1664 3
1263 1570 1602 1669 quadrati
1650 1573 1743 1644 ab
1781 1570 1936 1659 ΑΟ,
1971 1570 2111 1644 erit
2157 1569 2470 1667 quadra-

385 1693 543 1754 tum
580 1683 672 1756 ab
715 1683 841 1756 ΑΟ
875 1684 970 1757 ad
1008 1685 1450 1782 quadratum
1496 1684 1591 1757 ab
1627 1684 1777 1775 AZ,
1812 1694 1897 1756 ut
1947 1692 2042 1756 25
2090 1683 2189 1757 ad
2245 1691 2356 1772 16,
2393 1681 2469 1755 id

383 1808 521 1882 est,
558 1797 634 1868 in
672 1797 1048 1892 duplicata
1082 1799 1366 1871 ratione
1403 1805 1448 1869 5
1486 1797 1584 1870 ad
1619 1806 1691 1870 4.
1796 1795 2102 1883 Deinde,
2140 1794 2312 1891 quia
2346 1796 2471 1867 AZ

383 1920 495 1981 est
528 1910 828 2004 aequalis
880 1911 1162 1984 semissi
1199 1935 1413 1985 arcus
1451 1910 1600 1999 ΒΟ,
1638 1908 2078 2007 quadratum
2122 1910 2280 2004 ejus
2331 1908 2473 1981 erit

385 2033 648 2118 quarta
691 2047 862 2119 pars
911 2023 1252 2121 quadrati
1306 2024 1400 2096 ab
1436 2047 1615 2096 arcu
1662 2022 1811 2109 ΒΟ,
1859 2022 1938 2095 id
1985 2033 2119 2112 est,
2156 2046 2473 2120 quorum

385 2135 825 2233 quadratum
876 2136 969 2210 ab
1020 2160 1197 2209 arcu
1253 2136 1377 2210 ΒΟ
1424 2149 1537 2209 est
1575 2144 1698 2226 25,
1741 2159 1996 2208 eorum
2030 2136 2474 2231 quadratum

383 2249 477 2322 ab
514 2249 640 2321 AZ
674 2261 788 2323 est
821 2251 933 2331 δὲ.
1041 2249 1237 2323 Quia
1286 2261 1537 2324 autem
1575 2249 2016 2345 quadratum
2062 2250 2155 2321 ab
2192 2249 2323 2322 ΑΟ
2357 2263 2474 2323 est

382 2360 429 2452 ἕ
460 2362 804 2458 ’ejusdem
840 2362 1179 2459 quadrati
1216 2364 1309 2437 ab
1347 2387 1524 2436 arcu
1561 2364 1709 2453 ΒΟ,
1747 2361 2191 2458 quadratum
2231 2363 2322 2435 ab
2354 2362 2470 2436 hL

380 2477 523 2548 erit
555 2473 663 2569 «ὲ.
773 2466 922 2550 Sed
973 2476 1412 2573 quadratum
1464 2477 1559 2550 ab
1594 2474 1682 2549 eb
1728 2486 1839 2549 est
1889 2474 1976 2569 3}-
2080 2476 2214 2548 Est
2267 2500 2470 2573 erg0‚

383 2613 658 2678 rursus,
695 2591 1136 2686 quadratum
1173 2592 1265 2664 ab
1303 2591 1428 2664 AZ
1466 2591 1561 2664 ad
1589 2590 2029 2688 quadratum
2064 2591 2156 2664 ab
2194 2590 2282 2663 eb
2318 2591 2469 2664 sive

386 2702 492 2772 Ae
526 2703 600 2775 in
638 2702 1011 2797 duplicata
1044 2705 1331 2777 ratione
1371 2714 1412 2777 5
1449 2704 1546 2778 ad
1582 2713 1654 2778 4.
1725 2703 1919 2778 Nam
1953 2712 2069 2794 δὲ,
2110 2712 2180 2793 5,
2213 2713 2257 2776 4
2297 2714 2472 2776 sunt

382 2814 732 2886 continue
765 2815 1370 2911 proportionales·

485 2927 733 3001 Quare
769 2927 1090 3000 calculus
1117 2928 1620 3002 arithmeticus
1647 2927 2257 3002 demonstrationi
2290 2953 2467 3025 geo-

384 3040 712 3114 metricae
745 3041 1075 3137 proxime
1109 3041 1559 3137 praecedenti
1594 3063 1744 3115 non
1781 3055 2163 3138 repugnat.

487 3155 623 3228 Est
684 3169 931 3229 tamen
1002 3155 1324 3228 calculus
1393 3155 1580 3228 alius
1649 3155 2180 3245 arithmeticuS,
2245 3157 2471 3230 etiam

382 3292 622 3357 verus,
658 3269 783 3365 qui
821 3281 1204 3364 repugnat,
1259 3267 1961 3341 demonstrationem
2016 3280 2266 3342 tamen
2318 3293 2468 3342 non

384 3383 717 3457 destruit.
820 3381 1164 3455 Procedit
1214 3393 1461 3455 autem
1497 3379 1823 3454 calculus
1857 3405 2070 3477 quem
2110 3382 2302 3467 dioc,
2335 3406 2469 3480 per

389 3495 760 3593 Regulam
795 3495 1145 3568 Auream.

485 3608 816 3705 Exempli
870 3632 1138 3683 causa:
1192 3618 1572 3680 ostensum
1623 3618 1734 3679 est
1787 3607 2229 3702 quadratum
2263 3631 2308 3680 a
2343 3608 2467 3682 CG

384 3722 664 3817 aequale
691 3746 849 3795 esse
896 3731 982 3796 10
1011 3720 1391 3817 quadratis
1428 3744 1473 3793 a
1506 3719 1764 3816 quinta
1799 3732 2009 3817 parte
2045 3744 2257 3794 arcus
2293 3720 2466 3805 BC;

385 3847 462 3906 et
512 3848 790 3907 rectam
826 3836 969 3910 ΑΩ
1002 3834 1298 3931 duplam
1348 3857 1505 3906 esse
1569 3846 1792 3907 reetae
1828 3834 1983 3918 Ae;
2035 3845 2110 3906 et
2155 3834 2467 3929 quadra-

386 3960 543 4020 tum
581 3950 673 4020 ab
709 3948 818 4021 Ae
852 3948 1131 4044 aequale
1188 3972 1344 4021 esse
1381 3952 1426 4021 4
1464 3948 1843 4044 quadratis
1879 3973 1924 4019 a
1960 3947 2220 4042 quinta
2256 3959 2468 4043 parte

384 4085 599 4134 arcus
643 4061 817 4144 BC;
870 4075 946 4134 et
997 4061 1304 4157 proinde
1366 4062 1808 4157 quadratum
1854 4060 1946 4132 ab
2003 4060 2148 4134 ΑΩ
2193 4059 2472 4156 aequale

388 4198 547 4247 esse
612 4181 696 4247 16
765 4174 1140 4269 quadratis
1198 4199 1244 4247 a
1302 4176 1564 4270 quinta
1621 4185 1832 4269 parte
1892 4197 2105 4246 arcus
2166 4173 2291 4244 BC
2323 4205 2343 4257 ;
2397 4185 2476 4246 et

385 4288 823 4384 quadratum
893 4288 985 4361 ab
1054 4287 1196 4362 ΥΟ,
1263 4288 1545 4384 aequale
1615 4310 1772 4360 esse
1830 4295 1876 4360 8
1937 4286 2312 4384 quadratis
2379 4287 2473 4360 ab

2564 686 2734 728 PROP.
2764 685 2823 725 X.

2547 752 2837 791 κ--Ὶ-κ
