3094 5125
670 456 807 524 108
1095 469 1631 523 ExAMmA'rlo
1673 471 1777 522 Εἰ·
1814 469 2309 523 EMENDATIO

283 660 584 703 »umens
659 634 1204 732 Multiplicare,
1238 637 1502 735 inquit,
1537 645 1652 709 est
1684 659 2055 709 numerum
2091 636 2408 710 invenire
2442 635 2569 732 qui
2606 635 2752 708 da-

289 812 300 827 .
396 743 484 784 ¹¹¹·
562 813 574 828 ,
658 760 812 823 tam
846 749 1113 822 habeat
1145 752 1505 823 rationem
1539 750 1648 822 ad
1688 774 2053 822 numerum
2088 750 2361 823 datum.
2471 749 2750 822 Utrum

655 863 1057 960 propositio
1084 864 1244 936 haec
1277 864 1478 959 (nam
1509 862 1838 936 definitio
1868 886 2017 936 non
2054 864 2196 955 est)
2227 886 2399 935 vera
2429 886 2529 934 an
2555 863 2748 935 falsa

658 976 774 1065 sit,
810 977 1028 1049 unico
1081 977 1415 1073 exemplo
1465 975 1782 1071 intelligi
1832 987 2102 1072 potest.
2208 976 2320 1049 Sit
2354 974 2571 1048 datus
2605 1000 2746 1048 nu-

657 1113 903 1162 merus
954 1090 1261 1186 quilibet
1313 1100 1386 1179 6,
1443 1103 1518 1163 et
1571 1090 1747 1163 data
1797 1089 1989 1163 ratio
2040 1098 2086 1161 4
2124 1089 2219 1162 ad
2256 1098 2322 1161 5.
2428 1089 2745 1162 Potesne

657 1212 741 1275 tu
773 1214 904 1274 aut
936 1201 1058 1275 ille
1103 1226 1492 1276 numerum
1527 1203 1917 1299 quaesitum
1968 1201 2295 1275 invenire
2339 1225 2471 1297 per
2505 1202 2744 1275 solam

655 1315 1336 1411 multiplicationem
1368 1317 1393 1389 ἲ·
1495 1317 1733 1389 Datus
1759 1324 1804 1388 6
1831 1315 2422 1411 multiplicandus
2450 1327 2590 1405 est,
2612 1317 2744 1390 sed

655 1452 788 1523 per
821 1452 1039 1525 quem
1071 1453 1457 1503 numerum
1487 1429 1511 1501 ?
1619 1430 1827 1518 Quis,
1880 1430 2203 1526 inquam,
2239 1441 2352 1502 est
2386 1431 2740 1526 multipli-

656 1543 885 1615 cans?
988 1544 1105 1618 An
1142 1543 1751 1639 multiplicantem
1785 1542 2113 1617 invenias
2146 1565 2277 1638 per
2298 1543 2737 1639 multiplica-

655 1655 983 1728 tionem?
1087 1655 1497 1730 Productus
1556 1657 1696 1730 erit
1756 1657 1877 1752 7}-
1984 1656 2179 1729 Nam
2232 1665 2302 1743 4,
2359 1664 2429 1744 5,
2485 1665 2558 1745 6,
2615 1657 2732 1751 7ὲ,

656 1781 829 1842 sunt
894 1769 1501 1865 proportionales,
1618 1770 2028 1842 Numerum
2099 1793 2274 1865 ergo
2344 1769 2737 1865 quaesitum

655 1906 806 1956 non
858 1881 1183 1955 invenies
1239 1883 1378 1956 nisi
1430 1881 1825 1956 dividendo
1881 1881 1979 1980 7}
2027 1905 2160 1977 per
2208 1890 2280 1953 6.
2383 1882 2734 1979 Emerget

657 2007 903 2070 autem
938 2009 1203 2093 quotus
1249 1994 1664 2080 lf}={}={
1686 2052 1702 2068 .
1809 1996 2150 2070 Quanam
2201 2006 2447 2067 autem
2485 1995 2735 2069 multi-

658 2111 1056 2207 plicatione
1091 2112 1410 2206 reperies
1447 2110 1672 2183 istum
1702 2107 1791 2194 {2

756 2221 850 2294 Β.
904 2222 1259 2318 Intelligit
1311 2222 1433 2296 ille
1487 2222 1743 2296 datum
1799 2232 2137 2317 oportere
2188 2243 2342 2292 esse
2383 2221 2738 2317 multipli-

658 2346 972 2425 cantem,
1009 2359 1319 2430 eumque
1355 2336 1659 2409 unitatis
1699 2335 2138 2431 multiplum.

757 2448 854 2519 A.
908 2447 1056 2519 Alii
1117 2448 1410 2544 quidem
1478 2450 1585 2522 ita
1651 2448 2093 2544 intelligunt.
2210 2448 2507 2521 Interea
2565 2472 2741 2523 vero

660 2560 987 2634 definitio
1029 2585 1247 2657 quam
1281 2561 1436 2658 ipse
1470 2565 1706 2652 affert,
1738 2562 2001 2637 vitiosa
2035 2574 2186 2648 est;
2241 2586 2462 2658 quam
2489 2573 2740 2636 tamen

661 2674 755 2747 ad
798 2674 976 2747 alias
1017 2674 1239 2747 etiam
1286 2677 1735 2770 quantitates
1784 2675 2128 2772 applicat,
2162 2675 2381 2772 paulo
2432 2674 2739 2750 inferius

660 2788 935 2878 dicenS,
1005 2786 1506 2885 multiplicare
1575 2814 1733 2863 esse
1786 2789 1982 2863 datoe
2040 2788 2271 2863 alicui
2335 2789 2743 2886 quantitati

659 2900 884 2975 aliam
918 2902 994 2974 in
1029 2902 1219 2975 data
1250 2903 1543 2976 ratione
1582 2902 1943 2976 emhibere.

758 3015 855 3088 B.
908 3015 1222 3089 Erravit.

756 3127 853 3199 A.
908 3130 1146 3202 Tanto
1175 3130 1422 3204 decuit
1455 3130 1663 3202 illum
1697 3129 1936 3202 minus
1966 3128 2468 3201 definitionem
2493 3151 2738 3224 repre-

657 3241 979 3344 hendere
1007 3243 1302 3316 allatam
1339 3242 1431 3315 ab
1468 3242 1796 3331 Euclide,
1839 3266 2127 3338 nempe,
2164 3240 2363 3339 quod
2399 3266 2738 3313 numerus·

658 3379 1024 3428 numerum
1060 3354 1553 3453 multiplicare
1598 3355 1899 3444 dicitur,
1933 3355 2229 3453 quando
2255 3365 2422 3452 quot
2456 3364 2627 3426 sunt
2662 3353 2738 3426 in

658 3467 822 3566 ipso
856 3468 1208 3557 unitates,
1247 3468 1465 3541 toties
1499 3469 1955 3566 componitur
1990 3469 2055 3541 is
2102 3467 2232 3567 qui
2281 3466 2734 3565 multiplica-

660 3591 807 3671 tur,
843 3581 1196 3678 etfactus
1230 3590 1345 3654 est
1379 3580 1684 3678 aliquia.

756 3695 855 3767 B.
910 3693 1113 3768 Quid
1146 3707 1261 3767 est
1296 3692 1494 3789 quod
1525 3693 1647 3766 hic
1683 3692 2204 3789 reprehendit?

757 3807 855 3879 A.
913 3806 1134 3881 Quod
1167 3830 1310 3879 vox
1363 3807 1547 3892 haec,
1583 3807 1653 3878 i-s·
1702 3805 1833 3904 qui
1887 3805 2457 3905 multiplicatur,
2492 3807 2736 3902 posita

659 3919 754 3993 sit
787 3920 862 3992 in
902 3919 1323 3992 definitione
1361 3918 2021 4017 multiplicationis.

756 4033 855 4105 B.
908 4033 1175 4106 Nonne
1208 4032 1526 4105 merito?

756 4146 853 4218 A.
908 4147 1044 4219 Ita.
1171 4145 1319 4218 Sed
1352 4168 1521 4217 cum
1564 4145 1854 4218 tantillo
1903 4168 2124 4241 opere
2177 4144 2555 4218 emendari
2601 4170 2737 4242 po-

659 4260 827 4348 tuit,
864 4259 1135 4334 rectius
1182 4258 1497 4347 fecisset,
1534 4258 1875 4349 arbitror,
1931 4259 1991 4331 si
2045 4258 2435 4332 emendata
2486 4260 2734 4354 potius

657 4395 830 4443 usus
891 4385 1102 4463 esset,
1150 4396 1370 4470 quam
1424 4371 1483 4444 si
1535 4371 1791 4445 falsam
1848 4372 1925 4444 in
1976 4371 2216 4445 locum
2265 4372 2423 4467 ejus
2466 4371 2734 4445 substi-

659 4484 940 4558 tuisset.
