3094 5125
570 459 718 526 250
1198 471 1304 521 nn
1338 468 1675 522 NATURA
1711 466 1984 519 Anum.

569 638 904 711 fecerunt
937 661 1068 734 per
1103 638 1557 734 suppositam
1611 635 2050 731 gravitatem
2110 633 2644 729 atmosphaerae‚

572 762 774 824 tuam
810 775 948 846 ego
984 774 1234 823 veram
1263 773 1417 823 esse
1453 749 1907 822 existimabo.
1983 746 2130 820 Sed
2157 746 2433 819 habent
2468 770 2646 843 quo-

573 889 715 962 que
750 864 1210 960 hypothesim
1246 863 1484 952 aliam,
1520 886 1665 958 qua
1696 862 2182 958 phaenomena
2214 858 2471 932 eadem
2507 859 2645 933 sal-

570 978 729 1051 vari
761 1000 979 1073 posse
1048 987 1335 1072 putant,
1373 975 1898 1048 Cartesianam.
2000 974 2257 1046 Visum
2312 972 2641 1046 Cartesio

573 1102 684 1164 est
718 1114 960 1163 aerem
996 1089 1177 1162 nihil
1213 1088 1413 1162 aliud
1473 1111 1632 1161 esse
1684 1097 1955 1183 praeter
2008 1085 2426 1182 congeriem
2488 1110 2642 1160 cor-

570 1204 1045 1301 pusculorum
1069 1202 1577 1298 magnitudine
1604 1214 1680 1274 et
1706 1202 1943 1296 figura
1961 1199 2180 1272 variis
2206 1199 2643 1273 flexibilibus

570 1317 1075 1414 praeditorum,
1103 1341 1148 1389 a
1173 1317 1438 1405 calore,
1497 1313 1906 1411 praesertim
1961 1313 2157 1400 soliS‚
2217 1337 2262 1385 a
2310 1323 2511 1386 terra
2568 1325 2644 1386 et

562 1418 763 1525 'aqua
788 1430 1258 1517 elevatorum,
1295 1440 1371 1501 et
1406 1428 1481 1500 in
1542 1426 1851 1499 materia
1911 1426 2230 1498 aetherea
2281 1425 2431 1515 illa,
2478 1450 2643 1522 quae

572 1545 908 1617 tellurem
959 1542 1429 1637 undiquaque
1476 1539 1943 1628 circumfluit,
2007 1540 2468 1613 natantium:
2521 1541 2645 1613 illa

573 1668 822 1730 autem
873 1655 1310 1752 corpuscula
1375 1657 1466 1728 ab
1525 1654 1985 1727 indesinente
2052 1666 2260 1727 motu
2322 1653 2645 1726 materiae

572 1770 762 1843 illius
798 1769 1135 1843 aethereae
1169 1768 1275 1841 ita
1299 1768 1578 1841 moveri
1612 1778 1689 1840 et
1723 1766 1800 1838 in
1833 1790 2098 1863 gyrum
2142 1767 2353 1857 verti,
2390 1778 2474 1840 ut
2521 1791 2646 1840 ex-

572 1896 784 1957 tensa
817 1893 893 1955 et
928 1882 1382 1955 circulariter
1415 1891 1638 1968 mota,
1667 1890 1937 1953 caetera
1970 1881 2216 1953 omnia
2242 1904 2287 1952 a
2312 1903 2390 1953 se
2409 1880 2645 1976 repel-

574 1996 773 2069 lant:
827 1995 1081 2068 eadem
1117 2006 1362 2068 autem
1397 2004 1679 2067 motum
1713 1994 1919 2066 illum
1972 1993 2373 2089 gyrationis
2425 1993 2647 2088 frige-

571 2108 770 2182 facta
803 2109 1167 2198 amittere,
1207 2119 1282 2180 et
1304 2106 1511 2180 reddi
1545 2107 1875 2179 flaccida.

686 2222 784 2294 A.
838 2221 1146 2294 Memini
1206 2220 1503 2317 quidem
1541 2220 1951 2293 Cartesium
2016 2219 2159 2291 hoc
2221 2217 2488 2292 dixisse
2557 2218 2648 2292 de

575 2349 837 2407 natura
895 2360 1130 2431 aquae,
1191 2335 1398 2430 cujus
1456 2345 1704 2430 partes
1765 2332 2104 2428 anguillis
2174 2332 2647 2428 comparavit.

577 2449 723 2521 Sed
757 2460 1096 2520 naturam
1141 2448 1350 2534 aeriS‚
1389 2447 1451 2519 si
1508 2447 1697 2519 bene
1749 2446 2072 2534 memini,
2125 2446 2433 2519 similem
2493 2470 2649 2519 esse

577 2560 754 2634 dicit
778 2561 1116 2658 virgultis
1146 2561 1512 2635 arborum.
1619 2559 1765 2633 Sed
1801 2559 2124 2656 quisquis
2161 2559 2327 2633 talis
2383 2584 2650 2656 suppo-

576 2674 858 2747 sitionis
888 2674 1149 2746 author
1181 2673 1346 2761 fuit,
1370 2697 1631 2769 pamm
1665 2673 1913 2746 refert.
2019 2673 2212 2745 Nam
2239 2673 2399 2769 ipsa
2421 2674 2655 2769 hypo-

575 2787 825 2876 thesis,
878 2787 956 2858 in
1003 2811 1150 2882 qua
1208 2798 1447 2860 motus
1501 2787 1941 2883 supponitur
1986 2786 2310 2859 materiae
2365 2787 2652 2860 subtilis

579 2900 735 2972 sine
770 2923 990 2972 causa
1009 2898 1529 2989 velocissimuS,
1560 2912 1635 2974 et
1655 2912 2017 2997 praeterea
2051 2900 2651 2995 corpusculorum

575 3013 1138 3086 innumerabiles
1171 3014 1570 3110 vertigines
1607 3015 1912 3087 diversae
1945 3014 2038 3086 ab
2076 3013 2267 3086 illius
2323 3013 2651 3086 materiae

576 3126 795 3200 unico
832 3138 1039 3200 motu
1081 3141 1473 3224 generatae,
1519 3128 1642 3201 vix
1692 3128 1851 3201 sani
1902 3127 2220 3200 hominis
2268 3138 2399 3200 est.
2507 3125 2652 3199 Sed

577 3238 958 3312 redeamus
993 3240 1088 3313 ad
1121 3241 1584 3337 hypothesim
1608 3242 1951 3338 priorem,
1987 3241 2112 3314 ubi
2148 3241 2299 3313 aeri
2334 3240 2654 3314 tribuitis

577 3353 1038 3447 gravitatem.
1174 3355 1439 3441 Primo,
1496 3354 2009 3450 explicandum
2077 3367 2267 3427 esset
2328 3352 2504 3451 quid
2559 3353 2656 3426 sit

572 3466 944 3563 gravitas.
1049 3466 1267 3542 Quod
1293 3469 1614 3563 gravitas
1643 3479 1756 3541 est
1791 3479 2094 3542 conatus
2128 3469 2220 3540 ab
2257 3467 2455 3539 omni
2487 3465 2654 3539 loco

578 3579 675 3652 ad
708 3591 1044 3653 centrum
1069 3591 1311 3670 terrae,
1349 3582 1595 3655 sciunt
1648 3605 1923 3655 omnes.
2030 3581 2354 3654 Conatus
2408 3590 2655 3653 autem

578 3704 823 3767 motus
853 3705 987 3781 est,
1012 3717 1429 3790 quanquam
1456 3694 2075 3791 imperceptibilis,
2181 3693 2407 3789 Cujus
2434 3716 2656 3766 cona-

578 3819 698 3881 tus
733 3807 883 3880 sive
918 3816 1159 3879 motus
1206 3807 1806 3903 imperceptibilis
1864 3831 2159 3880 causam
2216 3806 2655 3879 efficientem

579 3921 844 4016 quibus
879 3920 1235 3993 machinis
1271 3921 1726 4016 investigatis
1758 3921 1784 3993 Ρ
1840 3922 2032 3993 Nam
2067 3921 2145 3993 id
2165 3920 2402 4017 primo
2457 3943 2653 4015 quae-

579 4033 889 4106 rendum
925 4043 1082 4105 erat
1112 4063 1131 4117 ;
1186 4030 1474 4122 deinde,
1510 4033 1878 4129 quomodo
1914 4059 1958 4107 a
1993 4034 2357 4129 gravitate
2385 4045 2658 4106 atmos-

579 4146 851 4242 phaerae
908 4146 1394 4241 phaenomena
1443 4146 1803 4220 machinae
1848 4157 2117 4220 vestrae
2171 4145 2439 4218 salvari
2488 4168 2659 4241 pos-

580 4270 764 4331 sent.
873 4259 1095 4334 Quod
1126 4261 1635 4356 atmosphaerae
1664 4262 1915 4333 insunt
1960 4259 2330 4356 permistae
2365 4258 2660 4355 corpori

580 4372 900 4446 aethereo
934 4372 1183 4448 multae
1224 4385 1382 4447 tum
1415 4398 1625 4470 aquae
1660 4387 1817 4448 tum
1879 4372 2100 4448 etiam
2156 4384 2373 4447 terrae
2432 4371 2660 4469 parti-
