3094 5125
943 574 1507 627 PRoBLnMATA
1547 574 1920 628 Pan1oA.
2323 557 2467 637 307

394 737 766 833 signatum
808 740 1017 835 cujus
1063 753 1399 813 centrum
1447 751 1560 814 est
1593 741 1683 826 A,
1740 762 2172 836 semperque
2226 763 2471 813 aerem
2592 766 2727 808 cn.
2747 767 2787 807 1.

399 851 764 943 (notatum
828 877 961 949 per
1017 856 1079 927 Ε
1139 866 1216 927 et
1276 855 1363 949 F)
1425 853 1958 950 projicientem.
2072 853 2468 949 Supposito
2526 834 2842 958 m

383 966 540 1061 jam
591 966 789 1060 quod
846 967 1162 1040 mundus
1215 991 1365 1041 non
1426 980 1622 1041 esset
1673 968 1954 1064 plenuS,
2017 977 2468 1062 sequeretur,

390 1091 691 1175 propter
730 1081 919 1152 aeris
974 1080 1524 1178 dispersionem,
1575 1094 1661 1155 ut
1717 1082 1952 1155 multa
2008 1080 2171 1153 loca
2228 1092 2473 1153 essent

391 1216 645 1266 vacua.
730 1194 876 1267 Sed
912 1195 1187 1268 mundo
1222 1196 1466 1292 pleno,
1504 1196 1646 1268 hoc
1680 1206 1968 1269 tantum
2002 1195 2354 1290 sequitur,
2389 1207 2474 1268 ut

390 1316 639 1401 partes
674 1307 863 1379 aeris
898 1307 1092 1380 inter
1126 1331 1203 1380 se
1239 1331 1491 1381 omnes
1528 1309 1695 1381 loca
1728 1318 2039 1381 mutent.

494 1420 591 1492 A.
649 1419 796 1493 Sed
831 1420 1007 1515 quid
1043 1430 1151 1493 est
1184 1420 1381 1517 quod
1414 1420 1734 1518 lapidem
1770 1419 2210 1493 descendere
2246 1420 2472 1518 cogit,

390 1544 594 1629 puta,
631 1556 676 1605 a
707 1546 985 1630 puncto
1021 1533 1084 1607 G
1114 1534 1139 1606 Ρ

495 1646 592 1719 B.
649 1648 727 1721 Si
761 1671 888 1721 aer
919 1648 1352 1745 projiciatur
1377 1647 1615 1721 omnis
1647 1648 1844 1720 ultra
1871 1648 1936 1721 G
1959 1646 2472 1744 undequaque,

390 1760 723 1855 sequitur
788 1760 1224 1849 necessario,
1290 1773 1378 1834 ut
1453 1760 1640 1857 lapis
1708 1760 2006 1834 tandem
2065 1760 2312 1834 veniat
2379 1760 2476 1834 ad

390 1883 706 1946 terram:
759 1875 1161 1971 supposito,
1194 1874 1517 1970 inquam,
1556 1873 1832 1947 mundo
1866 1873 2108 1969 pleno.

490 1982 585 2058 A.
642 1986 889 2061 Quare
941 1996 1189 2061 autem
1223 1988 1309 2060 fit
1343 1986 1738 2060 descensus
1773 1999 2148 2059 crescente
2185 2008 2473 2081 semper

393 2099 828 2173 velocitate?

491 2213 588 2285 B.
645 2213 842 2288 Quia
874 2213 1051 2287 dum
1103 2211 1484 2287 descendit
1533 2237 1803 2286 novam
1856 2213 2127 2310 accipit
2170 2212 2472 2308 impres-

390 2325 665 2399 sionem
702 2327 796 2399 ab
831 2326 1089 2400 eadem
1124 2350 1345 2399 causa
1372 2325 1823 2414 continuata,
1848 2349 2112 2423 nempe
2147 2325 2240 2399 ab
2277 2348 2470 2415 aere,

391 2441 599 2536 cujus
642 2450 728 2513 ut
763 2463 911 2513 una
941 2463 1113 2536 pars
1157 2439 1513 2530 ascendit,
1551 2438 1716 2530 alia,
1751 2439 2028 2513 mundo
2069 2439 2310 2537 pleno,
2347 2438 2472 2512 de-

390 2552 677 2627 scendit
707 2552 1027 2650 lapidem
1063 2552 1467 2650 impellenS.

492 2667 590 2739 A.
646 2665 865 2741 Quod
901 2666 964 2739 si
997 2689 1167 2763 pars
1192 2667 1381 2739 aeris
1407 2666 1858 2740 descendens
1893 2666 2213 2763 lapidem
2247 2665 2473 2764 pellat

395 2778 758 2866 deorsum,
795 2778 1052 2852 eadem
1091 2779 1376 2852 ratione
1416 2803 1588 2877 pars
1632 2779 1822 2853 aeris
1856 2778 2257 2852 ascendens
2292 2802 2471 2851 eun-

394 2891 563 2964 dem
600 2914 887 2964 sursum
919 2891 1220 2988 pulsura
1253 2904 1406 2966 est:
1461 2893 1710 2989 itaque
1751 2893 1936 2988 lapis
1982 2915 2119 2964 nec
2172 2890 2472 2964 descen-

394 3004 602 3077 deret
636 3028 773 3077 nec
807 3003 1259 3094 ascenderet,
1296 3005 1427 3078 sed
1461 3017 1793 3078 maneret
1826 3004 2269 3100 ubicunque.

489 3114 583 3190 B.
638 3117 754 3190 Ab
814 3140 1123 3191 ascensu
1180 3129 1257 3190 et
1326 3116 1682 3190 descensu
1747 3117 2068 3214 partium
2144 3117 2333 3190 aeris
2393 3140 2473 3190 se

390 3242 648 3304 mutuo
683 3231 1175 3328 prementium
1209 3255 1361 3304 non
1406 3232 1493 3304 fit
1538 3230 1769 3327 quieS,
1806 3229 1935 3304 sed
1987 3230 2320 3303 excursio
2374 3231 2472 3305 ad

388 3342 646 3434 latera,
708 3344 1325 3441 quemadmodum
1387 3344 1532 3418 duo
1593 3369 1902 3440 corpora
1968 3344 2217 3418 mollia
2275 3368 2469 3418 com·

389 3481 641 3552 pressa
675 3458 1104 3556 expandunt
1151 3482 1228 3531 se
1256 3457 1351 3532 ad
1386 3459 2045 3555 compressionem:
2096 3456 2293 3530 unde
2321 3458 2473 3530 effi-

391 3570 581 3645 citur
612 3585 699 3645 ut
730 3598 863 3670 per
896 3584 1180 3647 motum
1202 3573 1525 3669 partium
1551 3573 1738 3645 aeris
1765 3595 1978 3644 verus
2014 3583 2255 3644 motus
2282 3571 2471 3644 aeris

389 3683 650 3758 tendat
706 3709 956 3760 versus
1008 3686 1241 3783 poloS,
1298 3696 1373 3758 et
1431 3697 1824 3782 propterea
1875 3686 1953 3757 in
2008 3684 2208 3757 omni
2262 3696 2470 3780 parte

391 3797 762 3871 subsidat:
815 3810 891 3872 et
943 3798 1119 3872 dum
1176 3821 1347 3894 pars
1401 3798 1734 3894 superior
1778 3796 2097 3894 lapidem
2150 3796 2471 3893 depellit,

390 3911 692 3984 inferior
726 3911 944 3985 cedit.
1048 3912 1241 3984 Nam
1278 3935 1369 3984 ex
1395 3911 1555 4008 ipsa
1579 3913 1817 4007 figura
1843 3911 2308 3984 manifestum
2336 3921 2470 4000 est,

380 4024 591 4120 'quod
621 4036 865 4098 motus
899 4025 1180 4099 telluris
1231 4024 1428 4097 intra
1477 4024 1831 4097 circulum
1881 4024 2176 4120 punctis
2226 4022 2472 4118 desig-

388 4148 668 4226 natum,
695 4138 964 4234 partim
996 4139 1497 4234 progressivus
1532 4150 1667 4227 est,
1693 4161 1981 4234 nempe,
2015 4161 2150 4234 pro
2185 4137 2468 4232 magni-

390 4249 648 4323 tudine
695 4250 1034 4323 diametri
1084 4274 1216 4346 per
1262 4252 1353 4340 A,
1400 4263 1477 4324 et
1520 4250 1790 4347 partim
1844 4250 2241 4338 circulariS,
2294 4249 2469 4345 quia

390 4363 636 4438 omnia
695 4365 852 4460 ejus
912 4373 1186 4459 puncta
1254 4363 1677 4437 describunt
1744 4364 2075 4438 circellos
2134 4363 2329 4435 inter
2388 4384 2466 4436 se

391 4477 734 4572 aequaleS.
864 4474 1233 4552 Quoniam
1280 4487 1525 4551 autem
1573 4477 1651 4549 in
1700 4478 1902 4551 omni
1941 4485 2219 4572 puncto
2275 4477 2465 4548 aeris

2139 4610 2196 4660 x
2231 4611 2262 4656 2
