3094 5125
354 678 579 721 mALoc
586 681 654 723 ΠΒ

468 761 531 801 11.

732 474 828 540 68
1166 488 1698 540 ΕΧΑΜΙΝΑΤῙΟ
1738 490 1840 540 ET
1878 488 2367 541 EMENDATIO

734 666 950 728 netur
983 654 1334 728 invenire.
1410 656 1547 727 Illa
1580 655 1775 728 enim
1811 653 2124 748 aequalia
2157 666 2353 741 sunt,
2391 676 2575 748 quae,
2609 652 2826 724 salva

731 769 1166 865 quantitate,
1202 769 1396 841 idem
1425 769 1671 864 capiat
1706 769 1933 840 locus.
2015 766 2161 840 Sed
2197 779 2271 840 et
2306 790 2470 861 quae
2504 765 2825 861 aequalia

729 906 879 955 non
915 894 1109 972 sunt,
1148 883 1343 955 idem
1385 883 1582 979 capit
1623 882 1854 955 locus.
1961 881 2082 955 Sic
2137 881 2334 954 enim
2391 880 2824 953 existimant

728 1018 876 1068 non
915 996 1135 1068 modo
1170 996 1568 1082 WallisiuS,
1604 995 1732 1068 sed
1768 995 1993 1067 etiam
2034 994 2707 1090 metaphysicorum
2744 1002 2824 1064 et

731 1108 1338 1181 scholasticorum
1372 1108 1526 1181 fere
1561 1119 1722 1180 tota
1758 1107 1986 1179 natio.

832 1220 930 1294 A.
989 1222 1157 1297 Quo
1183 1222 1663 1295 fundamento
1701 1236 1945 1294 autem
1983 1219 2059 1292 id
2093 1230 2359 1316 putant
2389 1218 2415 1290 ?

831 1336 928 1407 B.
986 1336 1320 1433 Corpora
1347 1336 1604 1408 dicunt
1640 1334 1897 1408 eadem
1934 1333 2326 1407 existentia
2360 1331 2584 1405 modo
2617 1355 2819 1405 rare·

730 1448 913 1537 fieri,
964 1449 1186 1522 modo
1238 1449 1717 1522 condensari:
1776 1449 2019 1521 minus
2067 1457 2310 1520 autem
2353 1469 2536 1535 esse,
2588 1468 2819 1543 quan-

731 1584 952 1656 quam
979 1561 1198 1651 idem,
1223 1562 1756 1635 condensatum
1784 1583 2073 1657 corpus,
2098 1583 2318 1655 quam
2344 1558 2816 1632 rarefactum.

731 1675 924 1747 Fieri
957 1674 1206 1771 itaque
1240 1687 1487 1771 potest
1521 1687 1605 1748 ut
1643 1674 1788 1747 duo
1832 1696 2140 1770 corpora
2173 1672 2592 1768 inaequalia,
2641 1696 2818 1768 quo—

732 1811 896 1860 rum
931 1812 1158 1861 unum
1194 1790 1289 1861 sit
1322 1788 1579 1884 magiS,
1615 1787 1928 1860 alterum
1975 1785 2215 1858 minus
2256 1784 2816 1871 condensatum,

734 1902 812 1975 in
847 1901 1107 1976 eodem
1143 1902 1306 1975 loco
1342 1902 1490 1975 sint
1524 1900 1952 1973 successive.

836 2016 933 2089 A.
989 2016 1257 2090 Nonne
1291 2016 1496 2089 locus
1530 2014 1774 2087 locato
1822 2034 2231 2108 congruere
2269 2011 2819 2084 accuratissime

736 2130 1004 2203 dicitur
1034 2129 1059 2201 Ρ
1163 2129 1429 2202 Nonne
1466 2127 1809 2201 Euclides
1844 2124 2153 2221 aequalia
2187 2147 2345 2196 esse
2382 2122 2590 2211 dicit,
2627 2147 2815 2221 quae·

734 2267 1024 2340 cunque
1061 2243 1199 2316 sibi
1236 2252 1658 2337 congruunt
1687 2243 1712 2313 Ρ

835 2355 932 2428 B.
986 2357 1118 2427 Est
1152 2356 1444 2427 axioma
1477 2365 1821 2426 octavum
1853 2351 2216 2425 Elementi
2249 2351 2492 2447 primi.

838 2469 936 2540 A.
994 2468 1363 2543 Quoniam
1399 2468 1628 2562 igitur
1665 2490 1932 2564 corpus
1976 2476 2374 2561 utrumque
2410 2464 2817 2539 successive

736 2583 899 2655 loco
936 2581 1176 2655 eidem
1213 2582 1578 2678 congruit,
1614 2580 1692 2653 id
1725 2593 1860 2670 est,
1887 2581 2050 2654 loco
2085 2580 2324 2673 eidem
2351 2591 2465 2652 est
2491 2580 2813 2675 aequale:

736 2709 956 2770 erunt
1020 2718 1311 2793 quoque
1369 2695 1517 2769 duo
1580 2696 1706 2768 illa
1758 2718 2091 2790 corpora,
2160 2716 2293 2790 per
2352 2716 2820 2766 communem

735 2810 1115 2883 notionem
1146 2809 1482 2905 primam,
1520 2810 1716 2882 inter
1750 2832 1825 2880 se
1861 2807 2195 2902 aequalia.

833 2922 930 2996 B.
969 2923 1087 2994 Ita
1106 2921 1416 2995 videtur.
1451 2920 1654 2997 Quid
1673 2931 1920 2994 autem
1940 2932 2050 2992 est
2072 2918 2270 3015 quod
2290 2930 2401 2993 tot
2425 2943 2576 2993 non
2599 2921 2817 2993 modo

733 3037 1230 3134 philosophOS,
1259 3035 1387 3108 sed
1422 3037 1647 3109 etiam
1682 3034 2236 3108 mathematicos
2270 3034 2614 3130 ipsosque
2649 3058 2818 3131 pro-

732 3150 1070 3238 fessore8‚
1112 3149 1356 3246 potuit
1401 3149 1476 3221 in
1526 3172 1851 3221 errorem
1904 3148 2101 3220 hunc
2147 3147 2652 3244 turpissimum
2708 3148 2818 3220 in-

736 3262 1003 3336 ducere
1035 3262 1060 3335 ?

834 3375 933 3449 A.
988 3374 1283 3447 Accidit
1349 3373 1716 3471 plerisque
1776 3373 2194 3446 hominibus
2252 3373 2450 3446 circa
2508 3397 2596 3448 ea
2656 3398 2817 3471 quae

732 3489 1099 3585 ignorant,
1154 3488 1351 3562 idem
1409 3488 1606 3584 quod
1660 3486 2072 3585 pecoribus,
2181 3486 2286 3559 Ut
2318 3487 2514 3559 enim
2548 3512 2819 3584 pecora

735 3602 1115 3675 ductorem
1151 3603 1397 3699 gregis
1437 3603 1757 3700 primum
1804 3613 2310 3698 erumpentem
2360 3626 2816 3699 quacunque,

732 3715 991 3812 ignara
1045 3716 1377 3814 periculi,
1440 3716 1646 3813 sequi
1717 3715 1979 3801 solent,
2041 3715 2147 3787 ita
2204 3725 2280 3788 et
2338 3714 2673 3788 homines
2741 3716 2813 3788 in

736 3827 1114 3923 quodlibet
1202 3829 1600 3902 absurdum
1671 3852 1712 3901 a
1781 3827 2110 3923 principe
2178 3828 2543 3923 opinionis
2611 3827 2817 3901 ducti

734 3942 946 4015 facile
983 3940 1339 4015 incidunt.

834 4054 933 4128 B.
990 4053 1138 4126 Sed
1174 4054 1346 4149 quid
1383 4053 1696 4127 fefellit
1678 4076 1875 4150 1psos
1908 4051 2242 4149 primos?

836 4169 933 4241 A.
988 4168 1239 4240 Falere
1274 4169 1550 4265 primos
1587 4167 1794 4256 solet,
1848 4165 2049 4263 quod
2111 4188 2278 4238 cum
2333 4132 2818 4241 sustinuerint

736 4282 1004 4378 dogma
1048 4281 1368 4378 aliquod,
1411 4281 1803 4355 verisimile
1839 4279 2158 4377 quidem,
2195 4279 2323 4352 sed
2369 4290 2619 4354 tamen
2683 4281 2816 4354 fal-

736 4419 920 4481 sum,
964 4408 1040 4469 et
1090 4423 1135 4469 a
1188 4397 1787 4470 dissentientibus
1848 4393 2398 4467 difficultatibus
2457 4408 2818 4491 urgentur
