3094 5125
1077 486 1181 536 nu
1223 487 1560 539 NATURA
1600 486 1871 538 AER1s.
2376 474 2524 538 249

447 677 685 741 cansa,
716 675 940 750 quare
976 651 1179 725 filum
1228 653 1521 726 laneum
1555 665 1727 750 post
1773 654 2390 750 compressionem
2444 678 2521 727 se

446 765 799 853 extendit,
837 788 1176 860 quaenam
1211 776 1325 838 est
1355 765 1379 836 Ρ

541 880 641 952 Β.
698 880 1138 973 Quanquam
1199 902 1496 951 causam
1556 878 1692 951 tibi
1742 904 1989 952 veram
2047 878 2391 968 dicerem,
2439 890 2526 952 tu

443 1002 690 1064 tamen
736 990 1031 1064 veritati
1088 1015 1239 1064 non
1288 992 1816 1087 acquiescereS,
1854 992 1985 1065 sed
2039 993 2348 1065 ulterius
2404 1017 2524 1065 me

444 1104 930 1199 interrogabis
964 1128 1303 1200 quaenam
1336 1106 1555 1200 hujus
1591 1106 1687 1178 sit
1720 1129 1961 1180 causae
2010 1130 2273 1188 causa;
2327 1105 2524 1179 unde

445 1217 668 1291 ibitur
703 1217 780 1290 in
816 1218 1206 1291 infinitum.

542 1328 634 1405 A.
689 1330 997 1404 Minime
1033 1355 1230 1405 vero.
1338 1333 1529 1406 Nam
1588 1332 1717 1404 ubi
1766 1331 1863 1404 ad
1908 1355 2203 1405 eausam
2236 1331 2525 1405 veneris

445 1444 763 1540 aliquam
801 1455 1175 1532 aeternam,
1218 1445 1320 1517 ibi
1357 1460 1432 1518 te
1467 1445 1927 1541 interrogare
1957 1443 2314 1518 desinam.
2383 1445 2525 1518 Dic

446 1580 644 1651 ergo,
674 1556 1219 1652 particularum,
1235 1581 1399 1652 quae
1428 1558 1890 1630 constituunt
1915 1569 2254 1631 naturam
2277 1557 2525 1653 chaly-

442 1669 679 1758 beam,
714 1670 831 1742 vel
863 1670 1173 1757 laneam,
1209 1671 1325 1742 vel
1380 1694 1693 1761 aeream,
1724 1684 2004 1744 motum
2066 1671 2269 1744 illum
2328 1694 2525 1766 quae-

444 1806 615 1855 nam
645 1807 864 1856 causa
892 1784 1178 1856 efficere
1211 1783 1506 1880 potest?

547 1896 644 1968 B.
700 1896 1136 1992 Respondeo
1184 1896 1344 1986 tibi,
1389 1897 1916 1992 particularum
1967 1898 2256 1970 illarum
2308 1898 2522 1986 aeriS,

446 2032 625 2103 quas
646 2009 787 2082 filis
816 2010 1043 2081 laneis
1067 2009 1508 2104 comparavi,
1531 2009 1914 2104 particulae
1935 2010 2177 2083 adhuc
2204 2010 2524 2083 minores

444 2133 721 2195 motum
753 2123 958 2195 illum
980 2122 1467 2195 restitutionis
1495 2121 1821 2195 efficiunt
1845 2147 1979 2219 per
2001 2133 2281 2195 motum
2310 2146 2523 2194 suum

441 2236 822 2331 proprium
857 2237 1266 2310 naturalem
1315 2234 1696 2308 reditionis
1733 2235 1808 2307 in
1856 2258 1958 2324 se,
2011 2237 2218 2332 cujus
2251 2235 2524 2332 princi-

442 2349 647 2443 pium
680 2362 793 2422 est
827 2349 1137 2421 nullum.

544 2462 640 2536 A.
697 2463 945 2535 Partes
982 2486 1157 2557 ergo
1196 2462 1612 2557 corpusculi
1647 2462 1883 2535 omnis
1909 2461 2104 2534 aerei
2132 2461 2526 2534 moveban-

445 2585 566 2649 tur
624 2577 928 2650 seorsim
985 2588 1195 2648 motu
1247 2576 1372 2648 illo
1429 2576 1506 2648 iu
1570 2601 1649 2649 se
1695 2575 2074 2665 redeunte,
2125 2587 2525 2671 antequam

445 2690 959 2785 corpusculum
988 2690 1171 2763 illud
1201 2713 1290 2762 ex
1319 2690 1460 2762 illis
1487 2691 1895 2765 minoribus
1932 2700 2522 2785 componeretur.

542 2801 636 2874 B.
694 2804 883 2876 Fieri
912 2804 1126 2876 aliter
1159 2827 1307 2876 non
1339 2813 1607 2898 potest.

544 2916 642 2988 A.
697 2917 1034 2989 Etiamne
1071 2916 1176 2988 sic
1213 2915 1538 2988 sentiunt
1574 2915 1684 2987 tui
1721 2914 1900 2988 socii
1930 2914 1954 2986 Ρ

547 3030 644 3102 B.
701 3031 910 3104 Unus
935 3030 1242 3103 fortasse
1279 3040 1405 3102 aut
1440 3029 1669 3113 alter3
1724 3028 1970 3101 caeteri
2005 3051 2153 3100 non
2191 3028 2397 3100 item.

545 3144 642 3216 A.
699 3143 960 3216 Credo.
1064 3144 1258 3216 Nam
1296 3154 1538 3215 motus
1574 3140 1694 3213 hic
1720 3140 2208 3214 restitutionis
2246 3139 2523 3213 Hobbii

445 3267 579 3344 est,
617 3269 694 3329 et
730 3257 822 3329 ab
849 3257 973 3330 illo
1009 3257 1248 3352 primo
1282 3266 1359 3328 et
1393 3255 1550 3331 solo
1601 3254 2003 3349 explicatus
2038 3254 2116 3326 in
2166 3253 2352 3326 libro
2411 3275 2521 3325 DE

448 3390 856 3459 CORPORE,
932 3393 1091 3465 cap.
1128 3369 1276 3458 xxi,
1333 3381 1467 3441 art.
1515 3376 1578 3440 l.
1685 3366 1856 3439 Sine
1911 3390 2056 3462 qua
2108 3366 2520 3462 hypothesi,

446 3495 1054 3578 quantuscunque
1089 3482 1320 3569 labor,
1356 3504 1498 3564 ars,
1529 3491 1860 3575 sumptus
1895 3479 1991 3552 ad
2028 3503 2272 3553 rerum
2308 3492 2522 3552 natu-

444 3600 706 3673 ralium
756 3601 1152 3674 invisibiles
1212 3623 1466 3673 causas
1525 3596 2000 3671 inveniendas
2059 3598 2523 3684 adhibeatur,

442 3712 718 3786 frustra
784 3715 944 3787 erit.
1080 3712 1347 3786 Vidisti
1408 3723 1655 3785 autem
1706 3711 1860 3806 jam
1929 3711 2275 3784 elastrum
2342 3709 2523 3783 illud

443 3826 654 3914 aeriS,
684 3826 885 3920 quod
920 3836 1366 3922 supponunt,
1398 3835 1527 3897 aut
1560 3822 2006 3919 impossibile
2042 3846 2221 3910 esse,
2244 3833 2372 3895 aut
2405 3845 2522 3894 re-

445 3939 888 4010 currendum
926 3962 1081 4011 esse
1117 3938 1210 4011 ad
1245 3937 1714 4034 hypothesim
1750 3936 2239 4024 Hobbianam,
2276 3958 2519 4031 quam,

445 4051 749 4125 fortasse
785 4075 933 4124 non
967 4051 1482 4147 intelligenteS,
1508 4052 1944 4148 rejecerunt.

543 4163 635 4236 B.
691 4165 962 4237 Nescio
999 4164 1176 4262 quid
1210 4165 1305 4237 ad
1331 4165 1490 4237 haec
1525 4162 2116 4261 respondendum
2151 4160 2267 4232 sit.
2374 4159 2520 4232 Sed

444 4275 503 4346 si
538 4289 618 4348 tu
651 4300 785 4372 per
818 4277 1009 4348 hanc
1045 4276 1509 4373 hypothesim
1568 4288 1769 4349 tuam
1809 4285 2080 4348 caetera
2112 4272 2330 4366 hujus
2365 4296 2522 4344 ma-

445 4391 680 4464 ehinae
714 4392 1196 4487 phaenomena
1230 4389 1636 4487 expedietis
1670 4403 1824 4462 tam
1878 4386 2096 4475 clare,
2135 4407 2358 4480 quam
2414 4384 2523 4456 illi
