3094 5125
647 467 789 535 306
1206 484 1763 536 PROBLEMATA
1801 482 2186 536 PanmA.

312 666 519 711 c²³1³·1·
647 651 1143 725 descensionis
1178 652 1489 727 aliorum
1537 678 1928 750 corporum
1981 654 2195 727 facile
2243 649 2737 725 demonstrari

251 803 562 864 mmmm,
646 775 909 860 potest.
1014 765 1207 838 Nam
1264 767 1537 862 rejecto
1596 791 1788 856 aere,
1823 791 2117 841 necesse
2154 781 2270 840 est
2312 765 2416 856 (in
2449 763 2734 836 mundo

643 878 892 974 pleno)
933 890 1019 950 ut
1063 879 1141 951 in
1202 881 1457 975 rejecti
1511 882 1755 954 locum
1791 906 1878 955 ea
1913 880 2312 954 succedant
2346 903 2512 976 quae
2547 878 2737 951 diffi-

640 992 848 1064 cilius
881 992 1335 1088 rejiciuntur.

741 1105 840 1179 A.
891 1104 1168 1177 Verum
1215 1106 1595 1202 supposito
1650 1106 1729 1179 in
1785 1106 2177 1201 praesentia
2209 1128 2521 1178 vacuum
2576 1127 2730 1176 non

640 1240 816 1304 esse,
859 1217 1059 1310 (nam
1096 1220 1576 1313 quaestionem
1612 1219 1811 1292 illam
1846 1220 1924 1291 in
1958 1219 2159 1292 aliud
2193 1231 2482 1314 tempus
2517 1216 2730 1289 diffe-

639 1330 859 1417 ram),
891 1329 1016 1424 qui
1055 1330 1210 1402 fieri
1244 1342 1512 1427 potest,
1549 1343 1634 1404 ut
1671 1343 1871 1403 terra
1895 1353 2140 1403 aerem
2168 1342 2297 1403 aut
2329 1329 2546 1403 aliam
2568 1353 2730 1402 rem

640 1466 1147 1538 quamcunque
1182 1467 1227 1515 a
1252 1467 1328 1516 se
1357 1442 1750 1539 projiciat?

741 1555 839 1630 B.
893 1556 1297 1629 Ostendam
1350 1557 1507 1646 tibi,
1545 1556 1771 1653 idque
1833 1556 2167 1652 exemplo
2213 1555 2430 1628 nimis
2462 1555 2730 1628 famili-

635 1669 769 1742 ari.
874 1670 953 1743 Si
990 1681 1300 1765 utraque
1355 1694 1580 1743 manu
1637 1672 1924 1767 pelvem
1979 1682 2262 1757 tenens,
2299 1669 2374 1741 in
2420 1693 2568 1765 qua
2626 1669 2729 1742 sit

634 1782 934 1878 paulum
963 1807 1198 1880 aquae,
1236 1784 1434 1857 illam
1470 1784 1954 1880 circumagaS,
1993 1783 2122 1856 sed
2161 1782 2358 1855 intra
2403 1783 2724 1878 spatium

635 1909 990 1990 quantum
1025 1909 1235 1993 potes
1274 1899 1681 1987 minimum,
1709 1897 1991 1970 videbis
2025 1920 2292 1992 aquam
2324 1919 2457 1991 per
2489 1896 2727 1968 latera

634 2011 863 2105 pelvis
898 2034 1280 2107 assurgere
1318 2023 1392 2084 et
1429 2011 1705 2084 exilire.
1776 2012 1887 2084 Ex
1921 2034 2066 2107 quo
2088 2007 2561 2082 manifestum
2582 2021 2721 2097 est,

633 2136 916 2197 motum
945 2148 1102 2197 esse
1139 2125 1528 2220 quendam,
1566 2148 1697 2220 per
1734 2148 1952 2220 quem
1987 2123 2064 2196 id
2101 2122 2300 2220 quod
2335 2123 2439 2196 sic
2471 2146 2723 2196 move-

633 2248 757 2308 tur
792 2261 1103 2334 corpora
1136 2238 1276 2310 sibi
1312 2237 1661 2334 contigua
1692 2249 1768 2310 et
1794 2237 2023 2310 fluida
2054 2261 2101 2310 a
2133 2260 2209 2311 se
2245 2236 2505 2333 rejicit.

733 2349 830 2421 A.
882 2350 1135 2424 Talem
1192 2360 1476 2423 motum
1532 2372 1691 2423 esse
1746 2362 1952 2423 certo
2009 2350 2183 2424 scio.
2286 2351 2464 2446 Ejus
2524 2349 2722 2423 enim

631 2462 924 2557 generis
953 2473 1064 2535 est
1099 2474 1337 2535 motus
1373 2462 1493 2534 ille
1526 2486 1671 2556 quo
1698 2461 2020 2556 agricola
2053 2462 2374 2536 cribrum
2410 2462 2722 2535 circum-

630 2575 783 2670 agit
831 2587 915 2648 ut
961 2575 1411 2648 frumentum
1472 2575 1864 2649 cribrando
1936 2589 2222 2673 purget.
2313 2576 2506 2649 Nam
2550 2600 2720 2673 quae

627 2688 877 2783 granis
912 2688 1262 2761 frumenti
1297 2712 1610 2785 corpora
1640 2689 2132 2785 heterogenea
2169 2701 2362 2778 sunt,
2409 2689 2506 2763 ad
2560 2713 2720 2762 me-

628 2800 830 2873 dium
891 2801 1114 2873 cribri
1170 2813 1563 2899 coguntur,
1627 2824 1861 2897 grana
1916 2814 2162 2875 autem
2215 2802 2566 2875 frumenti
2619 2803 2720 2876 ad

628 2914 859 2987 latera
893 2915 1346 3011 rejiciuntur.
1439 2915 1586 2989 Sed
1621 2914 1934 3009 figuram
1970 2926 2212 2988 motus
2254 2939 2471 3011 quem
2506 2915 2716 3004 dicis,

626 3029 1064 3124 applicatam
1101 3029 1480 3102 videamus
1515 3027 1613 3101 ad
1659 3040 1979 3101 terram:
2043 3039 2128 3100 ut
2172 3039 2456 3102 motum
2508 3028 2717 3101 illum

624 3142 701 3214 in
737 3166 1063 3216 convexo
1100 3143 1431 3239 sphaerae,
1466 3166 1618 3214 non
1671 3141 1746 3213 in
1784 3142 1991 3237 pelve
2026 3164 2348 3214 concava
2381 3140 2717 3215 conside-

622 3278 888 3328 remus,
1134 3280 1138 3285 ·

726 3368 824 3443 Β.
866 3370 977 3443 Sit
1002 3371 1317 3443 circulus
1342 3393 1575 3465 punc-

622 3482 756 3555 tim
845 3482 1280 3580 descriptuS‚
1366 3484 1572 3578 cujus

625 3609 960 3670 centrum
983 3597 1072 3670 A.
1140 3598 1347 3671 Intra
1377 3597 1574 3670 hunc

624 3713 773 3783 sint
862 3722 1011 3783 tres
1090 3710 1344 3784 circuli
1438 3711 1575 3782 mi-

622 3847 865 3912 noreS‚
897 3824 981 3912 Β,
1012 3823 1093 3911 C,
1118 3820 1227 3895 D:
1282 3823 1406 3918 qui
1435 3824 1572 3895 cir-
1608 3839 1635 4004 ί

623 3935 768 4008 culi
803 3936 1139 4009 tellurem
1167 3959 1563 4033 repraesen-

622 4060 787 4122 tent
837 4050 1357 4145 procedentem
1411 4074 1456 4122 a
1504 4050 1565 4122 B

619 4161 716 4234 ad
751 4162 833 4251 C,
863 4175 939 4236 et
972 4187 1018 4235 a
1046 4162 1106 4235 C
1133 4163 1228 4236 ad
1259 4163 1348 4252 D,
1378 4187 1566 4237 sem-
1636 4207 1653 4243 ς.

617 4299 749 4370 per
829 4286 1256 4372 tangentem
1330 4277 1567 4350 circu-

612 4387 765 4460 lum
823 4388 1028 4463 illum
1087 4390 1379 4487 punctis
1435 4390 1562 4463 de-
