3094 5125
822 509 1452 562 MATHEMA'mcAE
1492 507 1978 560 nomERNAE.
2311 486 2433 552 191

370 679 432 753 Β
465 679 835 753 describat
861 679 1130 752 lineam
1156 678 1497 773 aliquam,
1523 686 1705 770 puta
1732 673 2001 747 BEFC.
2057 672 2241 744 Dico
2273 673 2451 767 jam,
2520 686 2821 727 1>¹AL001³S

374 794 431 866 si
456 793 645 867 ratio
682 794 810 867 AC
845 793 941 866 ad
977 793 1109 867 AG
1143 793 1240 865 sit
1266 792 1521 864 eadem
1570 814 1734 884 quae
1789 789 1978 860 ratio
2014 787 2146 859 AB
2173 785 2269 857 ad
2303 786 2451 872 GE,
2542 768 2823 871 ,ζμ-1

375 908 690 1003 spatium
725 906 1042 979 ABEFC
1077 928 1235 978 esse
1264 904 1358 977 ad
1383 903 1698 999 spatium
1726 901 2045 975 DCFEB
2069 913 2152 972 ut
2186 910 2206 973 1
2249 899 2343 971 ad
2382 908 2407 971 l
2436 931 2454 981 ;

376 1021 645 1093 sivero
696 1019 887 1091 ratio
935 1018 1063 1091 AC
1098 1017 1193 1090 ad
1230 1017 1362 1090 AG
1397 1017 1494 1089 sit
1550 1016 1924 1112 duplicata
1984 1013 2291 1086 rationis
2326 1012 2457 1084 AB

378 1134 472 1207 ad
505 1133 656 1222 GE,
691 1134 1011 1229 spatium
1038 1131 1357 1204 DBEFC
1393 1154 1553 1204 esse
1614 1131 1710 1202 ad
1769 1129 2085 1224 spatium
2147 1125 2458 1199 ACFEB

377 1262 462 1319 ut
505 1256 534 1320 l
569 1245 665 1319 ad
700 1256 744 1319 2
776 1277 796 1329 ;
849 1246 908 1318 si
945 1245 1339 1341 triplicata,
1376 1255 1460 1317 ut
1497 1254 1522 1317 l
1563 1244 1659 1317 ad
1696 1253 1740 1316 3
1772 1274 1790 1325 ;
1845 1253 1918 1315 81
1955 1243 2061 1315 sic
2091 1241 2459 1334 deinceps,

383 1360 823 1433 Intellextin'
855 1358 881 1430 Ρ

478 1474 581 1545 Β.
633 1472 998 1568 Intelligo,
1022 1481 1098 1544 et
1119 1471 1478 1567 siquidem
1499 1472 1608 1544 ita
1628 1496 1787 1544 esse
1824 1470 2463 1557 demonstraveriS‚

382 1585 596 1659 video
633 1609 790 1660 esse
827 1586 1255 1658 facillimum
1289 1586 1785 1682 paraboloidis
1823 1587 2322 1680 cujuscunque
2371 1585 2468 1657 ad

385 1712 596 1760 suum
631 1686 1420 1784 parallelogrammum,
1450 1698 1523 1759 et
1580 1686 1909 1758 concidis
1966 1687 2466 1780 cujuscunque

386 1800 482 1874 ad
514 1824 728 1873 suum
764 1798 1178 1895 cylindrum
1204 1799 1567 1871 rationem
1603 1797 1946 1870 exhibere
1981 1798 2058 1870 iu
2118 1800 2467 1871 numeris,

488 1913 587 1986 Α.
633 1914 947 1985 Assumo
962 1909 1691 2006 autemprimo,quod
1702 1936 1843 2006 qua
1866 1911 2160 1983 ratione
2181 1909 2472 1983 mobilis·

389 2025 745 2100 velocitas
778 2033 1128 2123 augetur,
1167 2024 1422 2096 eadem
1460 2022 1754 2095 ratione
1787 2024 2061 2119 angeri
2077 2025 2119 2067 '¹‘
2197 2047 2474 2119 quoque

391 2139 650 2237 spatia
674 2137 770 2212 ab
797 2162 889 2210 ea
926 2138 1191 2210 iisdem
1223 2138 1343 2210 vel
1367 2135 1777 2235 aequalibus
1804 2135 2255 2234 temporibus
2294 2159 2475 2233 per-

391 2276 637 2325 cursa.
694 2250 1060 2340 Secundo,
1089 2250 1284 2347 quod
1310 2251 1381 2321 si
1414 2250 1611 2322 inter
1647 2249 1837 2321 duas
1862 2259 2113 2321 rectas
2150 2249 2476 2345 interpo-

393 2375 666 2438 nantur
728 2363 984 2437 medice
1044 2374 1191 2436 tum
1245 2363 1734 2436 arithmeticoe
1795 2371 1942 2434 tum
2002 2362 2479 2460 geometrica?

393 2500 690 2550 numero
740 2477 1072 2573 infinitae,
1122 2477 1237 2549 hoe
1283 2487 1359 2550 et
1410 2477 1562 2550 illoe
1595 2477 2106 2574 magnitudine
2149 2503 2287 2549 non
2325 2477 2479 2575 dif-

369 2590 642 2685 ferent
667 2620 694 2675 ,·
745 2591 1017 2664 saltem
1076 2591 1528 2686 differentia)
1584 2613 1843 2664 earum
1897 2592 2210 2664 minores
2263 2602 2480 2665 erunt

401 2703 734 2802 qualibet
768 2704 1178 2802 quantitate
1185 2705 1447 2799 finita.

501 2813 600 2890 B.
655 2818 1070 2912 Utrumque
1137 2817 1606 2890 manifestum
1679 2832 1836 2901 est;
1899 2830 1976 2890 et
2043 2829 2291 2912 potest
2359 2818 2484 2891 de-

402 2931 815 3004 monstrari.
922 2930 1114 3002 Nam
1169 2929 1590 3025 incipiendo
1650 2956 1695 3004 a
1748 2932 2068 3004 maxima
2126 2943 2486 3004 extrema-

403 3066 591 3132 rum,
630 3044 864 3137 major
922 3052 1034 3115 est
1087 3041 1328 3115 media
1384 3042 1853 3116 arithmetica
1912 3068 2130 3140 quam
2192 3069 2487 3139 geome-

407 3155 618 3228 trica.
750 3155 1051 3230 Quanto
1122 3166 1368 3227 autem
1428 3156 1673 3229 minus
1740 3156 1935 3229 inter
2002 3181 2077 3229 se
2142 3169 2489 3231 extremae

408 3268 780 3359 differunt,
817 3280 1025 3342 tanto
1062 3268 1476 3341 differentia
1511 3270 1706 3342 inter
1731 3269 2047 3342 mediam
2084 3272 2489 3344 arithmeti-

409 3406 571 3455 cam
607 3395 680 3455 et
715 3382 1240 3479 geometricam
1278 3382 1519 3454 minor
1554 3396 1687 3455 est.
1794 3383 2055 3478 Itaque
2117 3385 2176 3456 si
2235 3386 2493 3459 mediae

410 3512 570 3573 tum
605 3500 1089 3573 arithmeticae
1123 3511 1283 3572 tum
1316 3500 1787 3595 geometricae
1841 3501 2112 3596 ubique
2169 3502 2493 3599 interpo-

412 3627 705 3705 nantur,
753 3615 993 3687 minus
1038 3613 1233 3687 inter
1288 3637 1365 3687 se
1422 3613 1763 3687 different
1826 3617 2026 3689 omni
2083 3617 2496 3711 quantitate

414 3727 708 3801 effabili.

518 3840 615 3913 Α.
671 3841 925 3913 Recte.
1017 3839 1273 3933 Itaque
1326 3838 1399 3911 in
1464 3839 2146 3935 parallelogrammo
2200 3843 2265 3913 A
2285 3842 2497 3916 BCD

419 3953 877 4048 concipiatur
899 3951 1091 4024 latus
1120 3952 1186 4023 A
1200 3951 1258 4023 B
1282 3951 1561 4024 moveri
1583 3952 1680 4025 ad
1703 3953 1897 4027 latus
1923 3954 1982 4025 C
1999 3954 2066 4026 D
2089 3956 2499 4051 parallelas,

419 4078 497 4139 81
532 4065 894 4139 movendo
933 4065 1358 4137 decrescere
1399 4065 1637 4138 donec
1665 4065 1964 4139 tandem
2000 4080 2388 4141 evanescat
2424 4069 2502 4142 in

420 4191 697 4275 puncto
733 4179 834 4263 C;
888 4187 964 4251 et
997 4201 1129 4273 per
1162 4178 1385 4251 talem
1421 4191 1706 4252 motum
1742 4179 2105 4276 descripta
2139 4183 2233 4254 sit
2266 4183 2505 4276 figura

424 4292 634 4365 ABE
654 4292 807 4380 FC,
878 4290 1138 4363 relicto
1211 4293 1752 4387 complemento
1839 4293 2122 4390 DCFE
2144 4295 2223 4382 B,
2297 4296 2505 4388 cujus

1179 4477 1211 4512 ⁴¹
1260 4478 1357 4537 Sic
1383 4479 1540 4537 Edit.
1581 4482 1749 4538 1668.
