3094 5125
652 490 785 555 162
1076 500 1605 554 ΕΧΑΜΙΝΑΤῙΟ
1643 503 1746 554 Εἰ·
1782 504 2268 558 nMnNnA'rlo

269 698 570 739 numana
642 666 894 765 pedita
927 677 1160 756 erant,
1181 666 1559 750 transilui;
1611 678 1686 740 et
1719 679 2077 742 tractatus
2107 669 2201 742 de
2222 669 2719 745 Arithmetica

397 780 456 820 V·
647 780 1123 876 Infinitorum,
1207 802 1376 852 cum
1469 779 1713 876 capita
1793 779 2031 877 prima
2113 792 2190 855 et
2274 782 2721 878 reliquorum

644 892 971 967 omnium
1003 891 1481 966 fundamenta
1512 892 1699 966 falsa
1732 916 1892 966 esse
1938 895 2401 984 invenissem,
2452 909 2724 970 caetera

643 1006 789 1102 legi
838 1004 1156 1101 quidem,
1193 1005 1321 1078 sed
1374 1005 1790 1078 examinare
1835 1007 2062 1080 nolui.
2168 1007 2426 1104 Capite
2478 1010 2720 1105 primo

643 1120 741 1194 de
772 1118 1072 1217 Angulo
1125 1118 1553 1207 contactus,
1607 1120 1892 1191 occasio
1953 1118 2367 1193 declaratur
2425 1134 2720 1194 contro-

642 1233 901 1306 versiae
937 1233 1028 1305 de
1062 1244 1328 1305 natura
1361 1233 1517 1328 ejus
1553 1232 1749 1304 inter
1776 1232 2104 1306 Clavium
2141 1246 2217 1306 et
2253 1234 2718 1322 Peletarium‚

643 1370 907 1440 nempe
990 1344 1392 1442 propositio
1465 1344 1751 1417 decima
1818 1356 2025 1419 sexta
2093 1346 2453 1420 Elementi
2520 1348 2721 1420 tertii

644 1457 992 1547 Euclidis,
1028 1482 1176 1530 una
1209 1481 1374 1531 cum
1423 1456 2045 1531 demonstratione
2091 1459 2440 1555 ejusdem.
2543 1460 2720 1533 Pro-

642 1571 910 1666 positio
946 1571 1239 1667 quidem
1283 1571 1537 1644 Graece
1573 1581 1649 1644 et
1682 1570 1961 1658 Latine,
2006 1570 2287 1661 (Graece
2337 1573 2415 1644 in
2467 1595 2720 1644 eorum

642 1683 832 1757 forte
879 1684 1193 1780 gratiam
1243 1684 1368 1780 qui
1422 1684 1680 1757 Latine
1735 1685 2134 1779 nesciunt),
2191 1685 2719 1759 demonstratio

644 1802 908 1876 Latine
943 1813 1233 1875 tantum
1268 1801 1648 1897 repetitur.
1753 1803 1840 1874 In
1895 1802 2241 1890 secundo,
2304 1815 2724 1877 controver-

646 1917 830 1989 siam
898 1915 1097 1988 illam
1157 1915 1479 1989 ostendit
1547 1915 1986 2012 diremptam
2053 1917 2144 1989 ab
2215 1916 2518 1989 Euclide
2571 1940 2720 1989 non

646 2053 825 2102 esse.
930 2029 1088 2102 Nec
1123 2029 1432 2112 mirum;
1482 2029 1822 2102 Euclides
1858 2030 2052 2102 enim
2095 2027 2185 2102 de
2220 2027 2470 2102 futura
2504 2053 2722 2126 super

648 2141 887 2214 verbis
922 2143 1077 2237 ejus
1113 2151 1320 2214 tanto
1357 2153 1526 2237 post
1561 2152 1890 2237 tempore
1939 2142 2134 2214 inter
2168 2139 2607 2215 Peletarium
2646 2153 2720 2215 et

650 2254 980 2328 Clavium
1010 2253 1513 2327 controversia
1538 2277 1631 2325 ne
1659 2254 2049 2327 somniavit
2076 2255 2395 2350 quidem.
2463 2255 2720 2351 Capite

650 2367 897 2455 tertio,
920 2367 1493 2438 controversiam
1518 2365 1872 2454 intimiuS,
1902 2367 2016 2461 (ut
2038 2367 2158 2440 ille
2179 2392 2440 2464 parum
2461 2368 2720 2441 Latine

648 2479 1028 2575 loquitur),
1090 2478 1559 2575 aggreditur:
1635 2478 1885 2575 anguli
1951 2479 2151 2576 plani
2221 2480 2721 2553 definitionem

647 2593 960 2665 afferens
995 2591 1227 2675 hanc;
1281 2591 1626 2689 angulus,
1665 2592 1927 2688 inquit,
1969 2593 2251 2690 planus
2305 2604 2422 2667 est
2474 2603 2721 2667 mutua

649 2722 848 2794 κλίσις,
914 2729 1043 2777 seu
1100 2704 1504 2794 inclinantia,
1568 2705 1878 2778 duarum
1932 2706 2296 2781 linearum
2356 2708 2434 2781 in
2486 2707 2719 2807 plano

651 2841 816 2890 sese
850 2817 1309 2914 tangentium
1342 2826 1417 2889 et
1449 2841 1589 2889 non
1622 2817 1699 2889 in
1733 2816 2089 2891 directum
2109 2819 2557 2918 positarum.

756 2930 852 3003 B.
906 2928 1253 3003 Definitio
1300 2929 1596 3026 quidem
1649 2930 1972 3004 Euclidis
2029 2943 2161 3005 est.
2268 2932 2414 3005 Sed
2471 2931 2720 3028 anguli

651 3044 852 3141 plani
885 3054 1152 3116 natura
1183 3042 1309 3116 ubi
1343 3042 1795 3138 explicatur?

756 3159 852 3230 A.
908 3158 991 3230 In
1031 3157 1188 3252 ipsa
1220 3155 1666 3229 definitione.

756 3270 853 3344 B.
905 3270 1010 3342 At
1042 3265 1047 3269 ’
1075 3293 1226 3343 non
1292 3292 1660 3365 agnosco;
1737 3290 1910 3341 nam
1977 3280 2342 3364 repugnat
2400 3269 2490 3342 iis
2559 3293 2722 3365 quae

652 3382 847 3455 idem
918 3382 1210 3479 scripsit
1268 3382 1609 3456 Euclides
1684 3381 1884 3475 (Def.
1939 3390 2011 3470 5,
2062 3380 2293 3455 Elem.
2345 3383 2481 3476 xi).
2608 3383 2723 3455 Ibi

655 3495 849 3569 enim
885 3495 1142 3569 definit
1173 3505 1393 3569 rectoe
1426 3495 1637 3568 lineoe
1668 3494 1777 3568 ad
1807 3493 2121 3591 planum
2158 3494 2721 3584 inclinationem,

653 3610 829 3683 item
848 3608 1072 3708 plani
1106 3608 1214 3681 ad
1235 3607 1565 3707 planum
1584 3606 2148 3696 inclinationem,
2177 3631 2341 3681 esee
2373 3606 2723 3705 angulum

656 3729 965 3795 acutum.
1071 3718 1256 3791 Cum
1306 3743 1482 3816 ergo
1542 3720 1777 3792 omnis
1830 3720 2208 3793 inclinatio
2269 3720 2365 3793 ad
2419 3720 2722 3817 planum

655 3835 749 3908 sit
800 3832 1177 3906 inclinatio
1236 3831 1333 3904 ad
1378 3831 1646 3906 lineam
1693 3833 1769 3905 in
1827 3829 2071 3927 plano,
2130 3832 2291 3923 erit,
2344 3857 2477 3930 per
2530 3834 2722 3909 hanc

657 3947 1177 4033 definitionem,
1215 3944 1450 4017 omnis
1484 3943 1796 4040 angulus
1830 3957 2112 4018 a‘cutuS.

754 4063 850 4134 A.
906 4059 1052 4133 Sed
1095 4083 1243 4132 non
1276 4057 1567 4130 videtur
1598 4082 1744 4131 vox
1778 4057 2161 4132 inclinatio
2197 4059 2454 4134 eodem
2505 4084 2723 4133 sensu

648 4171 1077 4271 accipienda
1109 4194 1266 4244 esse
1297 4170 1441 4260 hic,
1477 4181 1700 4266 atque
1750 4168 1826 4242 in
1874 4170 2255 4245 Elemento
2304 4173 2718 4246 undecimo.

655 4289 858 4362 Scias
900 4310 1077 4383 ergo
1125 4283 1514 4357 nonnullos
1560 4305 1717 4356 esse
1765 4283 1913 4378 qui,
1948 4283 2086 4355 etsi
2131 4308 2177 4356 a
2218 4283 2474 4380 positis
2518 4285 2719 4381 prin-

652 4401 861 4498 cipiis
894 4422 1268 4496 nunquam
1303 4420 1451 4471 non
1488 4407 1689 4470 recte
1716 4395 2267 4485 ratiocinentur,
2285 4396 2447 4490 ipsa
2472 4410 2717 4471 tamen
