3094 5125
336 679 638 721 mALosz

473 761 512 801 1.

715 474 810 539 34
1148 486 1690 541 EXAMINATIO
1731 488 1836 540 ET
1871 487 2374 542 ΕΜΕΝΒΑΤΙΟ

715 655 1013 744 sionem,
1064 678 1196 728 seu
1238 655 1588 753 partium
1638 665 1864 729 extra
1903 667 2183 755 partes
2232 656 2816 755 positionem.—

720 767 926 849 Quot
960 792 1212 842 rursus
1245 780 1417 843 sunt
1448 769 1572 842 hic
1613 769 1951 865 imperite
1998 769 2242 843 dicta!
2348 770 2621 859 Primo,
2669 794 2812 867 per

714 906 973 955 vocem
1022 882 1222 956 illam
1280 883 1596 974 videtur,
1652 883 1935 957 nescire
1990 907 2067 956 se
2121 884 2368 957 innuit
2432 882 2810 980 quomodo

715 1019 858 1068 vox
879 995 1331 1094 principium
1364 996 1460 1069 sit
1493 994 1828 1069 hocloco
1855 994 2358 1092 intelligenda,
2388 1019 2613 1092 quam
2647 996 2811 1092 ipse

714 1110 857 1182 hoc
910 1109 1074 1182 loco
1121 1109 1414 1205 posuit3
1467 1110 1838 1198 nimirum,
1884 1109 2162 1183 fatetur
2213 1133 2292 1182 se
2340 1132 2492 1182 non
2535 1108 2811 1181 intelli-

713 1247 892 1319 gere
926 1247 1091 1319 quae
1125 1223 1280 1319 ipse
1316 1222 1595 1296 scribit.
1701 1220 2068 1311 Secundo,
2116 1246 2286 1296 cum
2333 1245 2427 1295 ex
2472 1222 2807 1318 professo

712 1337 1061 1432 loquatur
1085 1335 1178 1408 de
1213 1336 1593 1432 principiis
1620 1336 2045 1432 geometriae
2080 1348 2157 1409 et
2189 1335 2698 1423 arithmeticae,
2723 1334 2808 1408 id

714 1462 852 1536 est,
890 1449 982 1522 de
1016 1449 1396 1546 principiis
1432 1450 1932 1539 scientiarum,
1967 1449 2046 1523 id
2085 1460 2226 1537 est,
2283 1449 2376 1522 de
2425 1448 2805 1546 principiis

715 1562 1212 1661 cognoscendi
1239 1595 1259 1648 ;
1311 1563 1679 1661 principia
1700 1575 1949 1638 tamen
1977 1564 2244 1660 quaerit
2272 1561 2804 1660 magnitudinis

716 1689 793 1750 et
849 1677 1162 1750 numeri.
1262 1677 1535 1767 Terti0,
1598 1677 2041 1773 principium
2093 1675 2629 1772 magnitudinis
2680 1700 2805 1748 ea:-

716 1791 1117 1864 tensionem
1138 1813 1293 1862 esse
1321 1788 1524 1880 dicit,
1550 1788 1630 1862 id
1655 1800 1767 1863 est
1791 1788 2327 1887 magnitudinis
2339 1788 2803 1886 principium

715 1928 874 1977 esse
910 1902 1513 2003 magnitudinem.
1603 1901 1803 1978 Quid
1838 1902 2035 1975 enim
2069 1901 2268 1975 aliud
2305 1911 2418 1974 est
2443 1900 2801 1988 extensio,

712 2027 933 2114 prout
966 2017 1029 2089 is
1063 2040 1152 2089 ea
1185 2039 1365 2088 voce
1398 2015 1520 2088 hic
1562 2010 1876 2088 barbare
1918 2016 2176 2105 utitur,
2210 2027 2483 2111 praeter
2518 2014 2803 2110 magni-

711 2130 1101 2205 tudinem?
1204 2127 1583 2216 Extensio,
1632 2128 1926 2223 proprie
1978 2126 2372 2224 loquendo,
2435 2127 2633 2200 actio
2691 2138 2804 2199 est

712 2244 908 2316 illius
944 2243 1068 2338 qui
1101 2241 1381 2337 aliquid
1416 2264 1506 2313 ex
1542 2264 1769 2312 curvo
1795 2253 2084 2314 rectum
2113 2240 2317 2314 facit.
2397 2240 2531 2313 Ille
2557 2252 2804 2314 autem

703 2356 1152 2454 positionem
1179 2376 1334 2426 esse
1360 2352 1539 2425 dicit
1562 2354 1908 2451 partium
1933 2364 2155 2427 extra
2171 2364 2468 2456 partes.
2525 2356 2805 2429 Quam-

717 2466 1034 2542 obrem?
1171 2465 1541 2539 Nimirum
1608 2477 1695 2540 ut
1749 2469 1951 2541 salva
2008 2469 2168 2542 sibi·
2209 2469 2306 2542 sit
2365 2468 2614 2566 opinio
2675 2493 2806 2542 sua

720 2580 1256 2680 Apopatetica,
1272 2579 1470 2676 quod
1491 2580 1690 2654 idem
1711 2584 2220 2679 magnitudine
2244 2607 2535 2680 corpuS,
2558 2584 2805 2657 locum

716 2694 939 2768 modo
975 2694 1355 2789 majorem,
1392 2693 1613 2767 modo
1647 2695 2006 2768 minorem
2042 2691 2403 2793 occupare
2435 2698 2695 2793 possit.

822 2807 918 2880 B.
976 2808 1370 2890 Fortasse;
1448 2831 1622 2881 nam
1681 2809 1758 2882 in
1819 2810 2143 2884 Elencho
2205 2836 2338 2885 suo
2400 2811 2803 2902 Hobbium,

718 2922 844 3019 qui
879 2920 1093 2994 aliter
1128 2921 1377 3010 sentit,
1415 2933 1716 2995 strenue
1744 2922 2142 3019 vituperat.

816 3036 913 3108 A.
971 3037 1284 3123 Quarto,
1315 3059 1483 3108 cum
1512 3035 1818 3110 dixisset
1853 3029 2048 3127 ante,
2073 3037 2495 3134 opinionem
2522 3062 2803 3128 eorum,

717 3151 848 3246 qui
882 3148 1408 3244 magnitudinis
1443 3150 1888 3245 principium
1923 3151 2179 3224 dicunt
2230 3175 2389 3225 esse
2423 3164 2804 3248 punctum,

718 3288 865 3336 non
904 3263 1232 3358 ineptam
1268 3285 1450 3352 esse,
1498 3262 1708 3336 addit
1739 3289 1883 3337 non
1917 3265 2152 3338 minus
2187 3275 2394 3338 recte
2430 3266 2806 3339 diceretur

718 3386 857 3450 ete.
882 3404 911 3461 ;
967 3376 1177 3473 quasi
1229 3387 1544 3472 utraque
1600 3389 1852 3473 posset
1907 3401 2067 3451 esse
2124 3401 2321 3451 vcra.
2438 3379 2588 3453 Sed
2640 3403 2805 3476 per-

715 3488 1443 3586 gamus—Numeri
1509 3490 1973 3588 principium
2042 3491 2465 3564 duceremus
2544 3491 2640 3565 ab
2715 3517 2807 3564 ea

716 3602 1278 3698 modificatione,
1352 3627 1493 3699 qua
1564 3603 1746 3698 quid
1798 3627 2014 3676 unum
2073 3603 2307 3677 multa
2368 3604 2808 3678 dicimus.—

717 3718 982 3807 Primo,
1022 3716 1199 3812 quid
1233 3727 1344 3789 est
1377 3716 1559 3790 illud
1604 3716 1803 3813 quod
1853 3717 2178 3814 appellat
2226 3740 2473 3790 rerum
2523 3718 2806 3813 modifi-

716 3830 1078 3904 cationem
1101 3833 1146 3902 ?
1231 3829 1385 3902 Aut
1436 3827 1617 3925 quid
1669 3828 1869 3902 aliud
1922 3830 2045 3903 hic
2105 3829 2285 3903 dicit
2330 3854 2552 3927 quam
2606 3830 2807 3928 quod

718 3968 835 4017 res
872 3943 978 4015 ita
1004 3941 1547 4032 modificantur,
1581 3954 1663 4015 ut
1698 3966 1814 4015 res
1848 3966 1997 4016 una
2030 3943 2125 4016 sit
2158 3966 2415 4034 unum,
2451 3956 2527 4017 et
2554 3945 2806 4017 multae

716 4055 971 4131 multa.
1079 4055 1472 4128 Accurate.
1572 4056 1882 4146 Deinde,
1939 4067 2177 4155 prout
2236 4056 2333 4129 ab
2401 4057 2805 4131 identitate

717 4170 959 4242 oritur
1014 4166 1289 4257 unitas,
1341 4168 1455 4240 ita
1511 4178 1588 4241 et
1640 4194 1689 4241 a
1751 4193 2000 4242 rerum
2064 4170 2505 4243 diversitate
2562 4171 2807 4243 oritur

717 4306 1077 4355 numerus.
1166 4281 1428 4354 Docte.
1521 4282 1821 4356 Scilicet
1858 4283 2054 4357 idem
2089 4294 2201 4357 est
2242 4308 2481 4371 unum,
2512 4283 2807 4358 diversa

718 4394 971 4467 multa.
1061 4394 1209 4469 Sed
1244 4418 1489 4468 nonne
1540 4406 1621 4469 et
1655 4396 2025 4470 diversum
2061 4407 2174 4470 est
2208 4420 2434 4471 unum
2467 4397 2491 4470 ἓ
2607 4396 2809 4474 Quid
