3094 5125
782 491 1408 544 MATHEMA‘rxcAE
1452 492 1936 544 nonmRNAE.
2355 480 2396 544 5

380 653 481 730 Β.
540 658 912 732 Omnino,

378 772 485 844 A.
543 773 1109 845 Mathematum
1134 771 1407 860 studia,
1446 797 1585 844 non
1619 770 1831 844 modo
1853 796 2007 868 pro
2042 798 2133 845 ea
2173 798 2394 871 quam

280 883 356 956 in
388 909 479 957 se
515 885 807 958 habent
832 885 1174 974 veritate,
1199 884 1502 957 colenda
1532 908 1718 974 esse,
1756 909 1907 981 quoe
1933 894 2198 975 tamen,
2225 887 2396 984 ipsa

264 1022 422 1094 per
451 1023 541 1069 se
563 1000 976 1096 conspicua
995 1009 1068 1071 et
1094 997 1295 1071 ultra
1316 998 1805 1094 scepticorum
1830 997 2089 1096 litigia
2105 1001 2393 1096 posita,

279 1111 620 1183 animum
677 1112 968 1206 reficiet
1015 1110 1236 1183 valde
1281 1120 1356 1183 et
1408 1109 1807 1184 oblectabit
1830 1138 1858 1193 ;
1910 1110 2053 1183 sed
2086 1121 2160 1183 et
2203 1114 2400 1209 quod

281 1247 533 1296 rerum
594 1225 926 1298 aliarum
973 1224 1379 1323 cognitioni
1422 1249 1563 1297 non
1609 1249 1748 1296 uno
1795 1225 2083 1320 quidem
2117 1226 2394 1300 nomine

279 1339 716 1411 conducant
760 1336 1271 1411 multum—Id
1320 1335 1518 1433 quod
1554 1337 1645 1410 de
1691 1337 1937 1410 studio
1983 1339 2385 1413 mathema-

281 1450 453 1523 ticae
490 1452 628 1523 hic
667 1452 876 1539 dicit,
930 1476 1176 1524 nonne
1228 1451 1363 1523 tibi
1400 1450 1688 1523 videtur
1725 1450 1871 1523 dici
1916 1452 2135 1524 etiam
2176 1478 2389 1550 posse

283 1561 374 1634 de
412 1564 678 1637 studio
716 1563 1060 1660 physicae,
1094 1563 1213 1635 vel
1248 1563 1536 1648 ethicae,
1572 1562 1687 1635 vel
1732 1563 2074 1659 politicae,
2114 1566 2228 1639 vel
2264 1567 2390 1640 de-

285 1676 512 1772 nique
553 1678 892 1751 scientiae
927 1678 1427 1773 cujuscunque
1459 1675 1483 1747 ἒ

384 1792 487 1863 B.
547 1791 754 1864 Non.
860 1791 1052 1864 Nam
1114 1791 1571 1863 theoremata
1629 1789 1974 1885 physicae,
2041 1792 2213 1886 quia
2271 1817 2385 1865 ac-

289 1902 530 1979 tiones
570 1906 950 1979 naturales
986 1904 1348 2000 pleraeque
1390 1927 1684 1976 sensum
1718 1903 2063 1997 fugiunt;
2118 1904 2384 1996 ethica,

286 2033 601 2114 propter
622 2019 1024 2092 voluntatis
1048 2018 1387 2090 humanae
1408 2017 1975 2088 inconstantiam
2003 2048 2022 2100 ;
2058 2017 2383 2111 politica,

287 2144 603 2228 propter
656 2133 917 2205 ethicae
968 2132 1547 2228 ignorationem3
1603 2152 1840 2225 pauca
1893 2142 2203 2224 possunt
2263 2129 2385 2202 de-

285 2246 720 2319 monstrari.
845 2245 1230 2332 Praeterea,
1299 2244 1524 2316 habet
1592 2242 2113 2315 mathematica
2181 2254 2385 2317 certa

287 2359 635 2451 quaedam
664 2369 740 2430 et
773 2356 1190 2430 indubitata
1216 2355 1765 2429 demonstrandi
1790 2355 2172 2452 principia,
2203 2380 2381 2451 qua-

287 2468 384 2542 lia
408 2484 592 2545 sunt
615 2470 1105 2567 definitiones,
1129 2470 1529 2559 axiomata,
1545 2468 1954 2567 petitione-s·
1975 2496 2006 2552 ,·
2041 2493 2206 2565 quae
2229 2495 2380 2544 non

288 2580 514 2659 habet
572 2609 813 2681 neque
868 2586 1192 2681 politica,
1244 2609 1481 2680 neque
1536 2584 1801 2672 ethica,
1859 2607 2098 2679 neque
2155 2585 2378 2659 etiam

290 2695 620 2793 physica.
727 2697 974 2771 Quare
1009 2697 1600 2770 mathematicam
1650 2708 1861 2769 extra
1903 2696 2139 2793 litigia
2172 2722 2378 2794 scep-

292 2808 612 2884 ticorum
651 2810 880 2883 solam
911 2810 1231 2883 eminere
1265 2822 1463 2883 recte
1500 2810 1703 2882 dicit.

388 2926 490 2997 A.
550 2925 819 2996 Nonne
879 2926 1099 2998 etiam
1154 2926 1457 2998 rationis
1511 2926 1725 2998 lineae
1780 2925 1874 2997 ad
1922 2925 2213 3013 lineam,
2258 2926 2376 2999 vel

294 3039 686 3133 cujuslibet
747 3040 1269 3134 magnitudinis
1331 3039 1427 3111 ad
1486 3039 1705 3111 aliam
1767 3037 2375 3132 magnitudinem,

291 3161 547 3238 ἀκρίβεια
587 3175 879 3224 sensum
925 3151 1168 3247 fugit?
1272 3153 1520 3224 Potest
1567 3163 1815 3223 tamen
1864 3149 2373 3223 demonstrari.

293 3264 406 3336 An
444 3289 601 3338 non
638 3278 714 3337 et
751 3289 942 3338 verae
976 3265 1297 3361 physicae
1333 3289 1465 3337 sua
1496 3265 1691 3336 inest
1727 3264 2019 3352 veritaS,
2058 3287 2223 3359 quae
2258 3264 2375 3337 vel

292 3375 727 3449 affirmative
773 3376 886 3449 vel
929 3378 1267 3472 negative
1304 3376 1673 3449 enuntiari
1709 3374 2002 3471 potest?
2104 3375 2375 3449 Nonne

292 3485 530 3586 litigat
590 3514 762 3562 cum
819 3490 1354 3564 mathematicis
1426 3515 1574 3562 non
1635 3489 1876 3561 minus
1928 3512 2147 3583 quam
2206 3513 2376 3561 cum

298 3599 731 3700 dogmaticis
769 3604 1034 3677 Sextus
1053 3604 1463 3700 Empiricus
1509 3600 1928 3698 scepticus?
2010 3602 2375 3676 Praeterea

295 3737 438 3791 non
477 3718 720 3791 minus
757 3718 1077 3791 oblectat
1101 3718 1423 3791 animum
1458 3717 1535 3789 in
1562 3716 1906 3813 physiciS,
1932 3715 2050 3788 vel
2085 3715 2370 3805 ethicis,

296 3832 403 3904 vel
440 3831 784 3927 politicis,
832 3833 1129 3904 inventa
1164 3831 1455 3919 veritas,
1504 3854 1723 3926 quam
1769 3831 1846 3903 in
1879 3829 2366 3924 geometricis,

387 3945 487 4017 B.
544 3945 704 4018 Imo
767 3947 1047 4041 magis;
1101 3957 1378 4041 quanto
1434 3943 1715 4018 scilicet
1767 3944 1843 4016 in
1905 3942 2048 4015 illis
2104 3943 2369 4038 saepius

300 4072 601 4148 erratur,
641 4083 859 4154 quam
897 4060 972 4131 in
1007 4059 1431 4154 geometria.

390 4173 484 4244 A.
540 4172 786 4245 Etiam
840 4172 1218 4262 vocabula,
1275 4172 1537 4267 quibus
1592 4171 1669 4243 in
1723 4169 2048 4268 physica,
2101 4166 2366 4255 ethica,

296 4285 588 4379 politica
640 4285 1078 4381 philosopho
1133 4283 1488 4358 utendum
1533 4295 1668 4373 est,
1724 4309 1817 4358 an
1875 4280 2165 4353 definiri
2217 4302 2368 4352 non

295 4397 649 4494 possunt?

386 4513 484 4585 B.
540 4512 889 4586 Possunt,

2468 691 2772 747 nummis

2601 771 2639 810 1.
