3094 5125
965 504 1525 558 PROBLEMATA
1561 501 1950 557 PHYSICA.
2355 490 2501 555 333

414 672 803 770 imaginari
868 696 1257 770 possumus
1318 674 1544 747 alium
1608 696 1829 769 quam
1889 678 2108 769 quem
2163 669 2504 758 vidimuS,
2597 694 2736 734 cn.
2759 692 2843 733 ιν.

416 811 653 883 neque
710 785 934 860 alium
992 810 1213 883 quam
1269 786 1396 884 qui
1454 788 1546 860 ab
1605 809 1798 882 aqua
1842 785 2174 881 extingui
2231 793 2504 881 potest.
2585 761 2876 865 W

416 902 693 973 Verum
726 923 876 973 non
914 899 1134 972 modo
1170 924 1302 996 per
1334 899 1641 996 globum
1664 899 1985 972 vitreum
2018 898 2136 971 vel
2170 896 2507 970 cristalli·
2608 893 2653 929 ‘⁵‘
2670 886 2785 929 ¹⁰⁰⁰·

416 1039 596 1089 num
628 1013 942 1088 solidum
976 1014 1510 1088 comburuntur
1536 1011 2100 1101 combustibilia,
2128 1009 2259 1083 sed
2284 1009 2510 1083 etiam

417 1152 551 1226 per
608 1129 909 1225 globum
964 1151 1371 1202 concavum
1433 1126 1685 1223 (modo
1744 1137 1820 1200 et
1874 1124 2322 1221 diaphanum
2377 1122 2504 1215 sit)

418 1241 717 1338 plenum
785 1265 1017 1337 aquae.
1126 1239 1520 1315 Quomodo
1594 1263 1771 1336 ergo
1825 1238 2013 1312 radii
2075 1237 2270 1327 solis,
2327 1258 2512 1331 quos

420 1354 770 1451 supponis
806 1354 1086 1449 igneOS,
1110 1354 1422 1428 transire
1448 1376 1714 1450 aquam
1742 1362 2049 1448 possunt
2081 1363 2168 1425 ut
2200 1374 2351 1423 non
2387 1372 2515 1422 ex-

422 1467 879 1564 tinguantur.

522 1580 619 1653 A.
674 1580 966 1653 Nescio.
1085 1580 1245 1653 Neo
1306 1580 1698 1675 quicquam
1761 1600 2195 1674 corporeum
2256 1600 2301 1647 a
2360 1574 2512 1648 sole

425 1693 664 1766 emitti
716 1705 920 1789 puto.
1028 1693 1186 1765 Nec
1237 1692 1297 1764 si
1351 1693 1838 1781 emitteretur,
1885 1689 2296 1785 intelligere
2346 1712 2512 1784 pos-

425 1829 585 1879 sum
617 1832 763 1904 quo
798 1817 1017 1904 pacto
1040 1805 1478 1901 jamdudum
1504 1805 1617 1879 sol
1652 1806 1808 1901 ipse
1843 1828 1993 1878 non
2031 1814 2510 1898 consumptus

425 1918 668 1993 fuerit.

1292 2473 1502 2547 CAP.
1555 2473 1646 2546 V.

727 2670 1314 2725 'PROBLEMATA
1351 2673 1460 2724 DE
1499 2672 1730 2725 DURO
1772 2671 1875 2723 ΕΤ
1910 2671 2199 2722 MOLLI.

533 2824 630 2897 A.
691 2825 921 2899 Qum
959 2825 1225 2899 (lurum
1259 2827 1609 2924 appellas,
1647 2826 1830 2922 quid
1857 2825 2122 2899 molle?

536 2938 633 3011 B.
693 2938 978 3010 Durum
1013 2939 1300 3035 appello
1329 2964 1491 3036 ego,
1520 2951 1595 3013 et
1633 2964 1921 3012 mecum
1955 2962 2234 3027 omneS,
2258 2960 2523 3034 corpus

436 3050 616 3125 illud
650 3053 858 3147 cujus
891 3075 1063 3149 pars
1098 3053 1263 3126 loco
1299 3076 1431 3126 suo
1465 3077 1618 3126 non
1649 3052 1867 3126 facile
1917 3053 2332 3128 dimovetur
2382 3051 2526 3124 nisi

436 3166 745 3240 cedente
779 3178 959 3240 toto.
1016 3167 1347 3263 Corpora
1380 3178 1649 3241 caetera
1673 3167 1960 3264 appello
1988 3165 2258 3238 mollia.
2314 3164 2522 3238 Adeo

435 3294 521 3353 ut
557 3280 863 3354 durities
900 3292 977 3352 et
1011 3280 1352 3354 mollities
1399 3281 1546 3354 sint
1598 3280 1833 3353 altera
1878 3279 2177 3353 alterius
2223 3278 2520 3374 gradus,

535 3391 631 3467 A.
686 3394 903 3467 Unde
940 3405 1054 3467 est
1104 3394 1304 3489 quod
1351 3417 1619 3490 corpus
1667 3392 1867 3466 aliud
1909 3392 2053 3465 alio
2101 3391 2353 3466 durius
2402 3393 2525 3481 sit,

435 3508 552 3580 vel
586 3507 961 3603 (quoniam
989 3507 1265 3604 gradus
1290 3507 1494 3601 sunt)
1528 3507 1856 3580 mollius:
1885 3517 2108 3603 atque
2134 3506 2334 3579 idem
2361 3529 2525 3578 cor-

437 3642 574 3714 pus
609 3620 830 3693 modo
869 3620 1148 3710 duriuS,
1187 3619 1406 3693 modo
1442 3619 1735 3693 mollius
1767 3620 1792 3692 Ρ

540 3731 637 3804 B.
693 3732 938 3807 Causa
973 3735 1129 3829 ejus
1165 3734 1272 3806 rei
1308 3744 1420 3807 est
1466 3733 1665 3806 idem
1711 3732 1835 3805 ille
1883 3742 2126 3805 motus
2177 3731 2524 3828 partium,

443 3868 659 3941 quem
694 3870 740 3919 a
771 3847 1134 3943 principio
1171 3847 1248 3920 in
1286 3847 1458 3936 sole,
1500 3859 1723 3936 terra,
1758 3858 1836 3919 et
1881 3845 2098 3919 astris
2146 3843 2530 3940 supposui-

441 3982 650 4031 mus:
725 3971 802 4032 et
868 3960 1064 4034 unde
1131 3986 1281 4034 non
1348 3961 1571 4034 modo
1637 3961 2102 4057 gravitatem,
2164 3968 2239 4030 et
2306 3956 2529 4029 maris

446 4082 693 4158 aestuS‚
744 4070 871 4143 sed
925 4073 1148 4146 etiam
1209 4074 1525 4147 calorem
1581 4083 1655 4146 et
1710 4073 1951 4145 lucem
2011 4068 2527 4144 derivavimus

447 4183 597 4258 Qui
648 4207 813 4256 cum
862 4208 1013 4258 non
1061 4186 1158 4258 sit
1199 4187 1398 4259 circa
1443 4198 1781 4259 centrum
1828 4183 2058 4281 partis
2106 4181 2238 4255 sed
2281 4192 2530 4254 motus

444 4298 672 4394 ipsius
732 4298 989 4386 centri,
1040 4322 1190 4371 non
1249 4310 1358 4371 est
1412 4323 1700 4395 semper
1753 4297 2077 4394 perfecte
2132 4292 2532 4367 circularis·

448 4411 622 4484 Non
659 4410 857 4483 enim
892 4435 936 4483 a
970 4412 1442 4485 circulatione
1481 4423 1590 4485 est
1627 4411 1826 4506 quod
1863 4433 1988 4484 aer
2033 4410 2422 4494 laceratur,
2459 4418 2539 4480 et
