3094 5125
609 462 755 528 326
1160 472 1722 526 PRonLnMA'rA
1759 471 2149 525 Panch.

248 671 384 713 cn.
415 672 504 713 111.
608 641 1043 715 suctionem.
1148 641 1298 714 Cur
1332 664 1508 737 ergo
1543 665 1697 714 non
1732 640 2178 715 ascendebat
2228 663 2422 736 aqua
2463 636 2561 710 ad
2615 659 2712 709 ea

237 740 525 846 W
604 754 979 851 implenda
1011 754 1285 851 absque
1321 754 1707 829 suctione?
1806 756 1878 829 Is
1926 756 2054 849 qui
2112 753 2312 849 sugit
2356 750 2708 849 phialam,

605 891 844 964 neque
896 868 975 940 in
1026 880 1363 942 ventrem
1411 869 1830 966 quicquam,
1884 892 2122 966 neque
2168 869 2248 940 in
2295 858 2709 963 pulmones,

605 1006 846 1079 neque
913 981 992 1053 in
1046 1006 1129 1055 os
1189 1006 1231 1055 e
1290 983 1538 1080 phiala
1606 984 1882 1076 exugit.
1988 981 2192 1058 Quid
2250 1004 2429 1077 ergo
2496 975 2704 1074 agit?

605 1095 877 1167 Aerem
911 1095 1330 1186 commovit,
1368 1108 1446 1170 et
1471 1096 1550 1170 in
1585 1098 1915 1195 partibus
1964 1097 2122 1192 ejus
2177 1106 2524 1169 conatum
2581 1115 2709 1164 su-

606 1207 850 1303 gendo
905 1210 1130 1282 efficit
1173 1234 1305 1305 per
1353 1234 1435 1283 os
1478 1210 1819 1298 exeundi,
1875 1221 1950 1284 et
1998 1233 2149 1283 non
2205 1205 2699 1294 admittendo,

609 1332 958 1394 conatum
1029 1321 1408 1396 redeundi.
1511 1324 1630 1397 Ab
1694 1323 1808 1397 his
1870 1322 2256 1397 conatibus
2315 1318 2709 1395 contrariis

609 1433 1079 1530 componitur
1136 1435 1552 1509 circumitio
1620 1435 1820 1509 intra
1870 1435 2219 1532 phialam,
2266 1445 2342 1508 et
2396 1444 2710 1506 conatus

612 1545 928 1620 exeundi
966 1570 1572 1643 quaquaversum.
1678 1549 1939 1646 Itaque
1982 1548 2251 1644 phialae
2308 1570 2436 1621 ore
2495 1569 2711 1642 aquae

614 1660 985 1750 immerso,
1022 1684 1150 1733 aer
1183 1660 1260 1732 in
1288 1661 1694 1756 subjectam
1731 1686 1998 1758 aquam
2023 1673 2365 1758 penetrat
2390 1684 2431 1734 e
2460 1657 2711 1757 phiala

613 1773 1023 1871 egredienS,
1059 1785 1135 1847 et
1166 1772 1603 1847 tantundem
1640 1799 1847 1872 aquae
1882 1775 1962 1848 in
1993 1775 2316 1869 phialam
2353 1772 2579 1869 cogit.

716 1886 815 1960 A.
870 1887 1237 1959 Praeterea
1289 1887 1398 1959 vis
1452 1888 1580 1961 illa
1630 1913 1900 1985 magna
1959 1889 2317 1962 suctionis
2369 1886 2574 1975 facit,
2621 1896 2711 1960 ut

617 2000 947 2096 sugentis
980 1999 1188 2072 labra
1234 2023 1404 2072 cum
1452 2001 1642 2075 collo
1685 2003 1953 2098 phialae
1998 1999 2395 2097 aliquando
2445 1998 2709 2072 arctis-

619 2113 801 2186 sime
822 2113 1240 2186 cohaereant
1260 2124 1564 2211 propter
1584 2126 2012 2189 contactum
2034 2113 2711 2211 exquisitissimum.

1476 2774 1684 2849 CAP.
1740 2776 1868 2851 IV.

912 2985 1479 3037 PROBLEMATA
1517 2985 1627 3037 DE
1671 2985 1992 3038 GALORE
2044 2987 2146 3038 ET
2186 2986 2427 3039 LUCE.

726 3140 820 3213 A.
875 3141 1081 3215 QUAE
1119 3165 1341 3215 causa
1373 3152 1489 3215 est
1523 3140 1844 3215 caloris?

729 3254 828 3327 Β.
883 3254 1101 3329 Unde
1133 3254 1327 3329 nosti
1361 3279 1457 3329 an
1492 3254 1591 3327 sit
1624 3253 1702 3326 in
1737 3278 1984 3327 rerum
2016 3265 2286 3328 natura
2322 3254 2717 3350 quicquam

630 3367 947 3440 calidum
983 3379 1252 3464 praeter
1284 3367 1602 3464 teipsum
1635 3366 1661 3439 ἓ

728 3480 802 3555 Α
858 3482 1057 3556 Quia
1089 3481 1324 3555 sentio
1372 3505 1491 3554 me
1531 3504 1581 3555 a
1624 3480 2050 3577 corporibus
2085 3478 2522 3576 quibusdam
2556 3479 2719 3552 aliis

627 3595 970 3671 calefieri.

728 3709 825 3782 B.
881 3713 929 3746 “
957 3707 1336 3793 Calefacit,
1374 3731 1551 3803 ergo
1590 3707 1781 3781 calet
1806 3706 1892 3780 '⁹2
1944 3731 2097 3781 non
2132 3716 2246 3779 est
2295 3706 2494 3779 bona
2540 3729 2718 3779 con-

626 3820 1030 3920 sequentia.
1136 3821 1283 3894 Sed
1317 3844 1538 3916 quam
1575 3819 1804 3895 sentis
1854 3821 2012 3917 ipse
2048 3818 2375 3916 corporis
2408 3818 2520 3892 tui
2555 3843 2716 3891 mu-

626 3936 980 4010 tationem
1017 3934 1194 4007 dum
1221 3931 1572 4007 calescis?

725 4048 824 4124 A.
877 4047 1113 4121 Video
1150 4058 1395 4121 cutem
1441 4045 1626 4119 mihi
1676 4056 1933 4120 aestate
1983 4069 2204 4143 quam
2246 4044 2511 4140 hyeme
2557 4068 2717 4119 esse

628 4163 1202 4260 explicatiorem.
1304 4161 1402 4233 Et
1436 4183 1599 4232 sum
1647 4159 2089 4255 quandoque
2137 4157 2446 4231 debilior
2496 4156 2717 4232 solito

625 4299 781 4372 prae
802 4276 1072 4349 calore.
1124 4276 1224 4351 Et
1252 4273 1492 4350 sentio
1515 4273 1724 4371 quasi
1745 4273 2045 4372 spiritus
2067 4272 2325 4348 vitales
2347 4271 2716 4347 exhalare.

624 4387 870 4463 Etiam
906 4387 1116 4465 sudo.
