3094 5125
588 487 720 554 154
1010 501 1547 554 ExAmNAmo
1588 501 1692 553 ET
1731 501 2222 553 Euenum-10

201 692 502 733 minuens
578 690 722 762 quo
784 664 1014 739 utitur
1061 667 1240 764 ipse,
1295 667 1473 741 alias
1530 668 2331 764 negasset.—Numeri,
2383 667 2648 762 inquit,

208 774 495 876 ᾧ
580 791 622 854 2
660 790 736 854 et
771 789 840 870 3,
875 781 1099 855 simul
1141 782 1393 856 additi
1441 783 1888 855 constituunt
1921 792 1989 872 5,
2037 805 2478 880 quaecunque
2521 803 2650 852 res

578 893 728 967 illae
779 894 929 967 sint
976 920 1141 992 quae
1191 903 1690 983 numerantur,
1714 904 1931 992 puta,
1974 895 2128 967 sive
2161 894 2462 990 integra
2494 892 2651 965 sive

563 1017 860 1105 partes.
962 1008 1075 1081 Et
1133 1033 1282 1105 qua
1334 1006 1633 1080 ratione
1679 1016 1724 1081 2
1773 1018 1849 1080 et
1906 1016 1950 1080 3
1996 1007 2317 1080 homines
2372 1015 2539 1078 sunt
2600 1015 2644 1078 5

575 1121 918 1211 homines,
953 1131 1117 1211 etc„
1153 1121 1408 1194 eadem
1440 1119 1678 1217 plane
1711 1120 2002 1193 ratione
2036 1130 2080 1194 2
2114 1128 2189 1192 et
2224 1127 2268 1191 3
2303 1119 2646 1191 semisses

574 1244 742 1306 sunt
779 1243 820 1306 5
857 1233 1509 1307 semisses.-—Cum
1566 1257 1741 1329 ergo
1792 1243 1837 1308 2
1877 1246 1954 1306 et
1988 1242 2033 1306 3
2085 1232 2416 1306 homines
2476 1243 2648 1304 sunt

573 1369 787 1420 verus
844 1370 1242 1432 numerus3
1295 1348 1519 1420 etiam
1572 1356 1617 1421 2
1656 1359 1733 1420 et
1774 1356 1819 1420 3
1866 1346 2221 1436 semisses,
2257 1346 2373 1419 vel
2425 1345 2646 1418 etiam

575 1469 620 1534 2
659 1471 735 1532 et
769 1468 814 1532 3
849 1460 1264 1533 centesimae
1297 1473 1468 1533 sunt
1493 1483 1709 1532 verus
1745 1484 2091 1533 numerus
2120 1490 2139 1542 ς
2192 1470 2365 1532 sunt
2397 1470 2647 1531 autem

573 1573 968 1645 fractiones
999 1603 1019 1657 3
1072 1586 1185 1647 est
1219 1597 1394 1669 ergo
1429 1573 1695 1647 fractio
1722 1598 1936 1647 verus
1968 1597 2338 1648 numerus.
2427 1569 2647 1645 Quod

577 1710 743 1759 cum
778 1685 900 1759 ille
951 1686 1027 1758 in
1062 1686 1646 1782 praecedentibus
1700 1710 1986 1782 semper
2042 1685 2442 1782 negaverit,
2476 1708 2648 1780 pro-

574 1797 892 1894 positum
939 1821 1091 1872 non
1146 1798 1696 1873 demonstravit.
1799 1798 2143 1873 Ostendit
2191 1797 2408 1894 paulo
2457 1807 2647 1894 post,

577 1910 886 1985 duarum
918 1912 1359 1987 fractionum
1407 1914 1734 1988 diversos
1767 1913 2190 1986 habentium
2226 1910 2648 1984 denomina-

576 2036 793 2115 toreS,
828 2026 922 2099 ad
973 2025 1153 2100 duas
1210 2028 1388 2101 alias
1447 2052 1613 2125 quae
1673 2025 2301 2099 denominatorem
2335 2022 2647 2096 eundem

574 2139 872 2230 habent,
901 2139 1426 2214 reductionem.
1511 2137 1862 2233 Exemplo
1888 2138 2122 2209 utitur
2147 2134 2215 2226 -ζ-
2233 2148 2309 2208 et
2337 2133 2435 2226 —2-,
2464 2158 2646 2230 quas

572 2252 966 2326 fractiones
1003 2253 1117 2325 ad
1169 2252 1482 2326 eundem
1537 2250 2159 2324 denominatorem
2215 2248 2467 2321 reduci
2521 2247 2646 2321 de-

573 2376 958 2453 monstrat,
995 2388 1281 2459 nempe,
1318 2364 1414 2437 ad
1447 2363 1884 2436 fractionem
1937 2363 2128 2435 hanc
2175 2361 2315 2454 ff*
2335 2359 2489 2453 -3’,‚—=
2517 2357 2643 2453 {st

574 2491 649 2552 et
705 2477 1021 2574 quidem,
1080 2500 1247 2548 cum
1304 2476 1465 2550 aliis
1511 2475 1900 2573 plerisque,
1961 2486 2182 2548 recte.
2295 2475 2646 2572 Adeoque

573 2593 837 2666 mirum
873 2601 1005 2679 est,
1044 2590 1240 2687 quod
1286 2615 1435 2664 non
1469 2590 1739 2663 viderit
1785 2590 2182 2664 fractiones
2212 2604 2293 2663 ‘et
2328 2590 2649 2663 rationes

573 2714 929 2801 quantum
983 2703 1353 2776 differunt.
1460 2703 1653 2775 Nam
1706 2702 1767 2775 si
1812 2702 2000 2775 ratio
2033 2701 2127 2793 ξ,
2163 2703 2241 2775 id
2275 2716 2409 2795 est,
2436 2704 2653 2797 juxta

571 2816 775 2889 illum
812 2816 1000 2890 ratio
1047 2824 1074 2888 1
1118 2815 1214 2887 ad
1251 2824 1320 2905 3,
1356 2815 1670 2888 addatur
1705 2814 1974 2888 rationi
2028 2812 2108 2906 ζ-,
2146 2816 2223 2888 id
2259 2828 2393 2905 est,
2427 2826 2513 2889 ut
2545 2816 2651 2889 illi

570 2930 836 3027 placet,
884 2930 1151 3004 rationi
1196 2940 1219 3002 l
1268 2929 1362 3002 ad
1399 2940 1471 3019 4,
1521 2953 1806 3002 summa
1856 2929 1997 3002 erit
2053 2930 2241 3005 ratio
2270 2927 2374 3022 ᾗ,
2405 2930 2481 3002 id
2514 2942 2648 3019 est,

572 3043 759 3117 ratio
797 3047 841 3127 7
870 3043 964 3117 ad
999 3051 1128 3116 12:
1168 3041 1367 3137 quod
1402 3042 1787 3115 manifeste
1819 3041 2084 3115 falsum
2120 3054 2253 3116 est.
2343 3044 2420 3116 Si
2455 3043 2648 3115 enim

572 3158 760 3235 ratio
819 3167 848 3231 l
893 3157 989 3231 ad
1037 3166 1081 3257 3
1139 3155 1453 3229 addatur
1511 3156 1779 3229 rationi
1842 3165 1869 3229 1
1912 3157 2009 3229 ad
2042 3167 2112 3247 4,
2174 3181 2455 3231 summa
2510 3156 2651 3229 erit

572 3271 763 3344 ratio
830 3279 857 3344 l
919 3269 1014 3344 ad
1079 3278 1191 3358 12,
1260 3268 1339 3340 id
1408 3282 1543 3359 est,
1617 3267 2020 3341 secundum
2073 3268 2497 3359 Wallisium,
2566 3265 2649 3361 ,¹,-.

574 3385 834 3480 Itaque
870 3382 1186 3479 aequales
1240 3382 1432 3454 inter
1479 3405 1558 3455 se
1593 3395 1811 3454 erunt
1845 3377 1917 3473 -;⁷,-
1964 3395 2040 3455 et
2077 3381 2178 3473 ‘12‘-
2281 3383 2413 3455 Vel
2451 3408 2651 3456 com-

573 3497 913 3594 ponendo
972 3495 1295 3569 rationes
1345 3519 1433 3568 eo
1484 3495 1706 3569 modo
1756 3519 1972 3592 quem
2025 3495 2240 3570 docet
2287 3496 2651 3585 Euclides,

574 3622 788 3684 erunt
831 3608 899 3703 ὲ
922 3629 980 3687 -ι-
1011 3603 1249 3700 {²1¹5-
1354 3608 1730 3696 Similiter,
1783 3608 2043 3681 fractio
2078 3613 2119 3693 ᾗ
2160 3608 2413 3681 addita
2461 3608 2653 3681 frac-

574 3724 761 3797 tioni
792 3724 856 3811 23,
893 3722 1335 3818 duplicatur,
1391 3734 1469 3794 et
1530 3722 1612 3794 fit
1657 3731 1721 3795 1.
1824 3724 1924 3793 At
1973 3722 2161 3794 ratio
2214 3731 2240 3795 l
2285 3720 2379 3794 ad
2415 3731 2486 3809 2,
2524 3721 2653 3794 ad-

573 3838 728 3911 dita
773 3835 1040 3909 rationi
1086 3844 1115 3908 l
1171 3834 1264 3907 ad
1300 3844 1370 3923 2,
1422 3834 1863 3930 duplicatur,
1911 3848 1988 3908 et
2022 3836 2107 3908 fit
2140 3835 2329 3908 ratio
2374 3843 2405 3907 l
2448 3835 2544 3908 ad
2578 3846 2649 3908 4.

573 3952 763 4024 Sunt
824 3973 1001 4045 ergo
1061 3947 1458 4045 perillum,
1513 3950 1639 4044 qui
1690 3948 2125 4022 fractionem
2171 3962 2248 4022 et
2292 3951 2654 4023 rationem

572 4088 706 4159 pro
775 4061 1029 4136 eadem
1098 4061 1320 4134 habet
1379 4085 1482 4150 re,
1547 4077 1586 4157 ᾖ
1653 4072 1728 4134 et
1805 4072 1831 4136 l
1911 4062 2102 4136 inter
2169 4087 2245 4135 se
2315 4065 2652 4159 aequales·

578 4177 798 4251 Quod
864 4176 1065 4249 vides
1136 4198 1353 4272 quam
1424 4176 1519 4248 sit
1581 4175 2002 4249 absurdum.
2126 4176 2274 4249 Sed
2340 4176 2656 4250 absurda

574 4313 738 4383 quae
783 4289 860 4362 in
907 4290 1083 4386 ipsis
1131 4288 1454 4362 numeris
1498 4288 1673 4361 satis
1720 4300 2003 4385 patent,
2041 4289 2408 4386 descripta
2464 4314 2655 4386 sym-

567 4401 752 4475 bolis
794 4403 1288 4497 symbolorum
1339 4402 1741 4497 imperitos,
1780 4426 1941 4498 quae
1995 4417 2109 4478 est
2158 4404 2433 4478 utilitas
2469 4427 2657 4500 sym-
