3094 5125
743 506 1389 564 MATHEMATICAE
1430 507 1920 562 nomnnNAE.
2294 495 2392 561 43

234 682 546 761 contra,
590 695 922 745 causam
960 674 1187 770 quaeri
1223 699 1360 771 per
1392 677 1731 773 cognitos
1766 677 2115 759 effectus3
2168 687 2393 772 atque
2458 703 2766 744 unrocus

242 783 323 858 id
352 808 522 858 non
550 809 801 882 posse
837 799 1177 861 accurate
1210 788 1396 876 fieri,
1445 801 1841 885 propterea
1888 789 2085 886 quod
2121 789 2393 862 similes
2473 856 2480 867 .
2598 784 2639 825 ¹·
2750 853 2763 868 ‚

255 900 582 973 effectus
620 924 793 972 non
842 923 1129 999 semper
1174 914 1251 976 et
1283 903 1702 978 necessario
1752 903 2025 977 similes
2069 903 2395 977 habeant

266 1036 527 1087 causas
558 1043 583 1086 t
650 1014 760 1087 ob
822 1038 989 1088 eam
1046 1039 1203 1088 rem
1246 1017 1631 1115 potiorem
1689 1016 2394 1091 demonstrationem

272 1152 438 1201 eam
463 1128 808 1217 duxisse,
838 1152 985 1226 qua
1008 1130 1314 1203 effectus
1337 1154 1473 1227 per
1494 1155 1798 1205 causam
1819 1130 2395 1217 demonstratur,

280 1264 447 1338 quae
480 1252 604 1315 est
636 1255 743 1315 τοῦ
771 1253 927 1324 διότι,
974 1267 1192 1340 quam
1226 1268 1317 1317 ea
1349 1267 1516 1341 quae
1562 1268 1859 1318 causam
1893 1243 2269 1318 concludit
2302 1266 2395 1317 ex

282 1355 586 1441 effectu,
616 1377 990 1452 quamque
1015 1369 1409 1453 propterea
1435 1357 1835 1455 appellavit
1866 1370 1968 1429 τοῦ
1996 1371 2096 1430 ὅτι.
2204 1357 2392 1432 Quae

282 1481 545 1541 tamen
608 1468 1020 1543 scientifica
1086 1494 1237 1543 non
1298 1482 1435 1560 est,
1507 1483 1583 1545 et
1648 1471 1961 1567 proinde
2020 1494 2159 1544 nec
2217 1493 2394 1557 vera

286 1583 862 1657 demonstratio.
965 1583 1138 1658 Non
1186 1584 1385 1657 enim
1424 1584 1687 1681 incipit
1734 1610 1779 1659 a
1814 1584 2389 1675 definitionibuS,

285 1696 422 1768 sed
447 1696 543 1768 ab
566 1695 1129 1792 hypothesibuS,
1153 1721 1320 1794 quae
1345 1697 1550 1772 falsae
1575 1721 1731 1771 esse
1752 1710 2064 1795 possunt
2086 1727 2106 1783 ;
2160 1722 2392 1795 quan-

290 1833 543 1905 quam,
594 1808 659 1882 si
694 1809 898 1883 nulla
931 1811 1456 1908 experimenta,
1504 1811 1731 1885 etiam
1766 1821 1933 1907 post
1968 1810 2395 1908 longissima

286 1936 657 2019 tempora,
711 1947 836 1998 eas
897 1924 1371 2021 redarguant,
1425 1926 1604 1998 satis
1658 1936 1877 1998 erunt
1926 1925 2390 2022 probabiles;

288 2035 427 2109 sed
461 2038 930 2111 theoremata
973 2038 1146 2112 inde
1181 2037 1499 2112 deducta
1551 2062 1702 2112 non
1734 2048 2048 2134 possunt
2087 2038 2232 2111 dici
2268 2038 2393 2110 de-

288 2162 740 2225 monstrata.
849 2153 1151 2226 Frustra
1186 2175 1363 2248 ergo
1391 2152 1661 2249 quaerit
1685 2151 2056 2225 Wallisius
2092 2150 2395 2223 demon-

290 2264 741 2337 strationem
799 2283 894 2338 τοῦ
946 2280 1030 2337 ὅτι
1087 2266 1284 2339 inter
1342 2264 2006 2339 demonstrationes
2044 2262 2393 2338 Euclidis.

295 2378 450 2451 Sed
483 2378 938 2474 perga—Si
972 2379 1134 2475 quis
1180 2379 1488 2475 denique
1536 2377 1872 2475 objiciat,
1927 2402 2039 2451 me
2073 2387 2235 2451 tres
2271 2378 2398 2449 de-

293 2491 864 2566 monstrationis
897 2492 1519 2592 speciessecisse‚
1576 2516 1734 2565 cum
1770 2490 1994 2590 vulgo
2029 2491 2192 2566 duce
2227 2501 2394 2565 tan-

295 2617 454 2679 tum
523 2616 983 2695 statuantur,
1031 2605 1322 2704 poterit
1382 2605 1540 2695 ille,
1608 2606 1679 2678 ei
1718 2603 2007 2703 placet,
2076 2605 2395 2679 duarum

284 2720 645 2818 priorum
690 2729 1075 2815 utramque
1118 2718 1811 2792 demonstrationem
1849 2731 1946 2789 τοῦ
1984 2731 2066 2789 ὅτι
2116 2719 2392 2793 dicere.

298 2832 480 2905 Non
548 2832 739 2906 enim
807 2832 985 2905 libet
1052 2833 1145 2907 de
1203 2832 1451 2906 verbis
1502 2832 1964 2921 contendere,
2024 2831 2237 2905 modo
2299 2832 2395 2905 de

298 2945 526 3018 rebus
562 2946 1302 3042 constet—Benigne
1335 2969 1533 3035 sane,
1588 2946 1715 3042 qui
1763 2944 1943 3042 quid
1981 2969 2238 3017 verum
2273 2945 2392 3034 sit,

301 3059 479 3155 quia
512 3058 610 3132 de
644 3083 725 3132 re
757 3084 908 3133 non
942 3071 1256 3150 constat,
1307 3074 1753 3158 potestatem
1799 3061 2009 3135 nobis
2055 3059 2395 3134 concedit

300 3173 650 3269 eligendi.

402 3287 507 3361 B.
561 3287 775 3383 Eligo
809 3287 1034 3384 igitur
1066 3290 1251 3372 hoc;
1304 3315 1535 3364 unum
1561 3314 1718 3364 esse
1751 3290 2394 3364 demonstrationis

300 3425 541 3497 genus
575 3424 841 3497 nempe
873 3419 967 3473 τοῦ
991 3413 1142 3486 διότι,
1179 3403 1330 3475 sive
1366 3404 1741 3477 conclusio
1780 3403 2056 3477 directe
2092 3402 2394 3476 demon-

304 3528 611 3602 stretur,
649 3515 801 3588 sive
834 3538 967 3611 per
1001 3514 1520 3589 deductionem
1556 3516 1654 3590 ad
1686 3518 2107 3591 absurdum.

405 3630 508 3703 A.
566 3629 656 3701 In
695 3627 956 3724 Capite
992 3639 1255 3725 quarto
1291 3631 1446 3726 agit
1481 3630 1573 3704 de
1608 3631 1914 3721 unitate,
1952 3654 2283 3719 numero,
2320 3645 2400 3704 et

302 3743 599 3818 numeri
676 3743 1169 3839 principio.—-
1186 3743 1457 3816 Unitae
1535 3753 1652 3817 est
1723 3744 2115 3818 seeundum
2185 3769 2396 3841 quam

303 3856 851 3953 unumquodque
897 3881 1112 3930 unum
1163 3856 1468 3930 dicitur.
1573 3858 1944 3932 Numerus
1990 3868 2230 3931 autem
2282 3868 2398 3931 est

302 3997 396 4044 ex
462 3969 886 4043 unitatibus
950 3970 1358 4068 composita
1415 3971 1925 4044 multitudo.—
1936 3972 2235 4046 Scilicet
2291 3971 2399 4044 ita

303 4083 560 4158 definit
595 4082 951 4156 unitatem
986 4094 1062 4156 et
1094 4109 1465 4157 nnmerum
1499 4083 1865 4159 Euclides,

396 4198 498 4272 B.
555 4199 685 4272 An
721 4219 873 4269 non
909 4208 1111 4271 recte
1141 4197 1164 4269 ἓ

391 4312 495 4386 Α.
554 4311 976 4384 Numerum
1011 4311 1306 4406 quidem
1341 4325 1713 4401 accurate,
1755 4313 2115 4386 unitatem
2148 4321 2395 4382 autem

290 4425 670 4525 imperite.
780 4421 976 4494 Nam
1009 4434 1312 4519 propter
1337 4424 1854 4521 cognationem
1883 4445 2149 4495 vocum
2181 4445 2394 4493 unum
