3094 5125
1076 515 1184 566 DE
1224 515 1566 570 NATURA
1605 517 1879 570 AERIS.
2379 507 2530 571 253

546 682 642 754 A.
698 681 917 757 Quod
953 683 1013 755 si
1048 707 1180 779 per
1213 684 1819 781 omnipotentiam
1870 685 2190 758 divinam
2244 687 2528 759 annihi-

442 795 694 884 latum,
730 796 847 868 vel
880 798 1136 893 procul
1171 798 1245 870 in
1282 798 1505 871 alium
1553 799 1797 872 locum
1833 800 2031 872 ultra
2065 799 2309 872 stellas
2345 801 2529 873 fixas

448 911 876 982 translatum
939 922 1132 984 esset
1187 912 1469 986 telluris
1531 913 1749 1008 hujus
1813 911 2219 1002 dimidium,
2283 937 2530 985 nonne

445 1021 679 1093 credis
701 1032 986 1117 partem
1010 1024 1364 1119 reliquam
1391 1024 1706 1097 eundem
1728 1036 2012 1098 motum
2034 1024 2528 1097 retenturam?

542 1133 634 1207 B.
690 1135 953 1223 Crede,
991 1146 1067 1208 et
1118 1136 1323 1231 (quia
1355 1136 1572 1210 video
1609 1162 1754 1234 quo
1800 1137 2070 1229 tendis)
2128 1136 2294 1210 dico
2343 1163 2531 1233 prae-

444 1257 669 1336 terea,
700 1247 837 1319 etsi
864 1249 1082 1321 unica
1108 1249 1265 1344 ejus
1294 1259 1580 1322 atomus
1606 1250 1727 1323 hic
1748 1250 2307 1346 relinqueretur,
2335 1250 2532 1347 quod

446 1359 667 1432 etiam
701 1360 826 1433 illa
858 1373 1147 1434 atomus
1184 1362 1441 1435 eodem
1479 1376 1899 1437 moveretur
1933 1375 2138 1437 motu
2173 1363 2533 1437 circulari

444 1472 811 1570 simplice.

544 1586 643 1659 A.
700 1586 1086 1660 Particulae
1140 1611 1316 1684 ergo
1366 1588 1510 1662 illae
1569 1603 1830 1663 terreae
1888 1611 2309 1686 aqueaeque,
2364 1613 2531 1683 quae

445 1700 596 1772 aeri
630 1711 882 1773 nostro
919 1701 1377 1797 interspersae
1414 1713 1729 1774 vestram
1776 1701 2060 1774 faciunt
2093 1702 2532 1798 atmosphae-

446 1836 626 1902 ram,
664 1813 973 1886 eundem
1012 1814 1287 1887 habent
1321 1815 1528 1887 illum
1563 1825 1850 1887 motum
1885 1813 2322 1886 circularem
2357 1814 2533 1887 sim-

431 1924 716 2021 plicem
751 1928 1249 2022 congenitum.

550 2038 648 2110 B.
705 2039 1141 2113 Necessario
1178 2040 1530 2137 sequitur.

544 2152 641 2225 A.
698 2152 1069 2249 Siquidem
1105 2166 1352 2228 autem
1380 2141 1517 2241 sol,
1555 2154 1707 2226 sive
1728 2152 2098 2250 praecipue
2126 2153 2278 2225 sive
2307 2153 2527 2241 solua,

446 2266 843 2361 particulas
890 2267 1050 2340 illas
1085 2292 1130 2340 a
1163 2278 1362 2341 terra
1395 2266 1656 2355 elevat,
1684 2278 1768 2339 ut
1800 2266 2027 2338 vestri
2078 2264 2414 2354 credunt,
2453 2277 2531 2338 et

447 2403 614 2451 cum
648 2379 789 2451 illis
823 2403 960 2475 ego
990 2410 1009 2463 ;
1063 2379 1244 2453 mihi
1270 2379 1565 2477 quidem
1601 2403 1746 2452 non
1784 2376 2209 2451 incredibile
2255 2377 2533 2450 videbi·

446 2504 589 2583 tur,
627 2505 902 2590 quanto
939 2517 1064 2568 aer
1096 2495 1437 2591 proprior
1474 2506 1691 2568 terrae
1714 2506 1849 2581 est,
1876 2504 2088 2566 tanto
2125 2492 2328 2565 illum
2369 2515 2533 2590 par-

448 2608 644 2681 tibus
671 2608 929 2681 terreis
966 2632 1120 2681 esse
1155 2609 1578 2705 pleniorem.

547 2720 643 2794 B.
683 2720 1010 2794 Dubium
1045 2745 1196 2794 non
1232 2734 1364 2795 est.

549 2834 645 2907 A.
684 2834 1058 2908 Intellexti
1082 2857 1258 2932 ergo
1279 2835 1726 2930 hypotheses
1746 2856 1944 2905 meas
1959 2860 1976 2904 ε
1990 2832 2536 2930 primam‚quod

452 2949 603 3021 aeri
626 2949 1092 3045 interspersae
1128 2959 1298 3021 sunt
1330 2947 1711 3044 particulae
1746 2947 1996 3019 multae
2031 2959 2318 3038 terreae,
2347 2971 2536 3042 prae-

453 3059 627 3134 ditae
649 3072 855 3135 motu
891 3061 1229 3135 circulari
1264 3061 1591 3157 simplice
1619 3071 1902 3133 naturae
1925 3083 2074 3133 suae
2104 3062 2532 3157 congenito:

454 3175 870 3264 secundam,
898 3174 1095 3270 quod
1122 3176 1354 3270 major
1384 3188 1498 3246 est
1527 3173 1896 3270 quantitas
1924 3196 2175 3245 earum
2209 3175 2538 3269 particu-

450 3285 686 3360 larum
746 3288 823 3361 in
878 3312 1045 3362 aere
1099 3312 1326 3385 prope
1380 3286 1474 3360 ad
1526 3301 1824 3375 terram,
1874 3309 2093 3380 quam
2152 3287 2228 3360 in
2277 3311 2445 3361 aere
2494 3312 2540 3361 a

454 3412 651 3474 terra
684 3403 1101 3476 remotiore.

556 3515 652 3587 B.
710 3516 899 3589 Sunt
983 3516 1276 3613 quidem
1359 3512 1803 3610 hypotheses
1885 3511 2086 3585 haud
2174 3512 2536 3587 absurdae.

456 3629 716 3702 Restat
745 3641 828 3702 ut
863 3629 1206 3703 ostendas
1255 3652 1510 3702 eorum
1559 3650 1772 3699 usum
1807 3626 1904 3699 ad
1955 3626 2304 3699 salvanda
2336 3627 2538 3722 phae-

456 3767 771 3816 nomena
804 3768 969 3840 quae
996 3768 1194 3817 nunc
1233 3743 1562 3816 dicturus
1599 3765 1782 3814 sum.
1887 3740 2154 3828 Primo,
2191 3741 2538 3835 quoniam

455 3855 628 3945 vidi,
665 3857 1089 3953 recipiente,
1126 3868 1211 3930 ut
1244 3880 1379 3930 nos
1427 3854 1820 3950 loquimur,
1883 3876 2095 3948 paene
2151 3853 2534 3942 exhausto,

461 3968 594 4057 vel,
628 3979 714 4041 ut
747 3980 832 4041 tu
865 3969 999 4056 vis,
1036 3969 1368 4041 suctione
1425 3990 1619 4063 saepe
1667 3964 2006 4061 repetita,
2049 3962 2537 4052 manubrium,

459 4080 656 4176 quod
701 4080 895 4154 forte
940 4081 1273 4153 manibus
1320 4082 1476 4175 ejus
1538 4078 1665 4172 qui
1719 4088 2090 4149 suctorem
2141 4073 2542 4147 revellebat

460 4193 864 4290 elapsum*,
903 4204 1098 4266 retro
1144 4192 1322 4265 ferri
1358 4214 1608 4265 versus
1645 4187 1958 4286 cylindri
1999 4183 2538 4261 summitatem:

941 4437 978 4470 ἥ
1024 4428 1202 4488 Deest
1230 4428 1398 4486 estin
1425 4428 1565 4488 edit.
1600 4429 1744 4485 1661
1778 4434 1836 4484 et
1872 4425 2042 4482 1668.
