3094 5125
1141 493 1247 543 DE
1287 491 1626 544 NATURA
1664 491 1936 541 AEms.
2423 468 2573 549 277

490 682 669 756 pore
727 658 995 732 visibili
1050 671 1126 733 et
1179 684 1349 733 aere
1403 683 1741 748 vacuum,
1798 679 1948 731 non
2005 655 2218 729 facile
2272 680 2572 730 conces-

492 773 734 846 serim.
836 773 1203 847 Videntur
1237 772 1431 847 enim
1467 772 1649 845 mihi
1697 784 1855 845 tum
1889 770 2374 860 DemocrituS,
2409 782 2571 845 tum

492 888 873 984 EpicuruS,
909 888 1015 960 sic
1051 888 1515 962 intellexisse.

496 1056 497 1059 ,
593 1001 690 1073 A.
746 1000 825 1073 Si
873 1024 1005 1097 per
1033 1025 1347 1074 vacuum
1381 1000 1561 1096 quid
1609 998 1715 1072 illi
1759 998 2277 1072 intellexerunt
2323 1024 2368 1071 a
2402 997 2574 1070 doc-

491 1113 689 1185 trina
733 1114 1056 1187 Lucretii
1102 1114 1583 1211 judicandum
1619 1123 1756 1203 est,
1812 1113 2004 1186 idem
2056 1112 2574 1186 intellexerunt

490 1225 693 1322 quod
759 1250 924 1322 ege,
987 1252 1273 1324 nempe,
1334 1227 1580 1300 locum
1635 1226 1835 1300 omni
1896 1250 2201 1323 corpore
2260 1250 2574 1300 vacuum

494 1339 760 1412 visibili
794 1351 869 1412 et
905 1340 1269 1414 invisibili.
1358 1341 1504 1414 Sed
1541 1351 1618 1415 et
1651 1341 1758 1413 illi
1790 1364 1938 1413 non
1959 1340 2312 1439 plenistoe
2343 1341 2572 1427 fuere,

495 1452 624 1525 sed
656 1454 1023 1528 vacuistoe.

617 1566 997 1639 Hactenus
1066 1567 1157 1640 de
1225 1579 1491 1641 natura
1556 1565 1766 1639 aeris.
1898 1566 2392 1641 Transeamus
2476 1569 2574 1642 ad

497 1704 783 1774 aquam.
856 1680 934 1752 Si
969 1681 1041 1752 in
1078 1681 1356 1777 pelvem
1395 1680 1738 1753 infundas
1773 1705 2063 1775 aquam,
2093 1694 2171 1754 et
2205 1680 2280 1752 in
2307 1705 2573 1776 aquam

501 1804 957 1888 segmentum
991 1796 1216 1889 panni
1256 1794 1445 1866 lanei
1496 1794 1915 1889 oblongum,
1953 1795 2159 1887 cujus
2209 1817 2380 1889 pars
2427 1818 2576 1866 una

502 1904 574 1978 in
613 1929 873 2001 aquam
910 1907 1003 1978 sit
1041 1907 1400 1993 immersa,
1439 1906 1672 1977 altera
1707 1918 1915 1978 extra
1948 1907 2232 2001 pelvem
2267 1930 2578 2003 propen-

500 2018 695 2105 deat,
724 2042 914 2113 aqua
933 2043 1259 2114 pannum
1283 2018 1481 2090 illum
1511 2018 1865 2113 paulatim
1894 2019 2295 2091 ascendens
2330 2020 2579 2091 made-

501 2130 723 2205 faciet
766 2156 990 2227 usque
1037 2131 1132 2204 ad
1190 2130 1420 2226 pelvis
1469 2131 1803 2203 labrum:
1859 2145 1935 2202 et
1996 2131 2356 2226 siquidem
2408 2154 2578 2226 pars

502 2270 665 2341 quae
700 2258 812 2318 est
845 2257 1054 2318 extra
1086 2244 1394 2341 pelvem,
1430 2244 1888 2341 propendeat
1934 2245 2125 2316 infra
2168 2268 2378 2339 aquae
2414 2269 2580 2340 quae

502 2374 616 2434 est
651 2360 726 2432 in
761 2360 968 2455 pelve
1004 2360 1484 2455 superficiem,
1520 2383 1713 2454 aqua
1754 2358 2114 2431 decurret.
2221 2359 2582 2432 Quaenam

500 2472 717 2569 hujus
754 2474 1057 2544 effectus
1092 2496 1136 2544 a
1170 2471 1468 2568 collegis
1503 2472 1650 2544 tuis
1686 2495 1906 2544 causa
1941 2470 2320 2543 redditur?

608 2586 708 2659 B.
761 2585 965 2657 Nihil
1010 2585 1101 2657 de
1163 2609 1250 2657 ea
1303 2610 1381 2657 re
1436 2585 1683 2658 audivi
1738 2585 2119 2672 hactenuS,
2182 2585 2321 2658 nisi
2385 2584 2585 2679 quod

506 2700 1045 2794 phaenomenon
1095 2697 1261 2786 hoc,
1303 2711 1378 2771 et
1422 2697 1605 2771 illud
1663 2699 1973 2771 alterum
2033 2698 2354 2795 siphonis
2412 2698 2586 2770 flexi

510 2811 659 2884 sive
693 2811 992 2897 bicruri‚
1031 2834 1323 2883 causam
1358 2812 1682 2884 habeant
1717 2811 2049 2884 eandem.

612 2923 707 2996 A.
765 2922 854 2995 Id
899 2945 1073 2994 vero
1128 2921 1576 3017 impossibile
1628 2935 1762 2996 est.
1867 2924 2058 2997 Nam
2119 2924 2193 2996 in
2255 2923 2588 3020 siphone,

508 3036 651 3114 nisi
685 3035 902 3108 ambo
939 3058 1155 3107 crura
1188 3058 1380 3129 aqua
1414 3033 1881 3131 impleantur,
1909 3060 2099 3131 aqua
2134 3061 2174 3108 e
2208 3036 2401 3132 pelvi
2437 3061 2590 3109 non

508 3150 876 3223 ascendet.
961 3147 1431 3220 Ascensionis
1466 3171 1688 3220 causa
1727 3147 1803 3219 in
1836 3173 2162 3244 pannum
2197 3162 2310 3222 est
2344 3161 2588 3223 motus

508 3263 629 3337 ille
663 3276 1067 3337 terrearum
1097 3271 1511 3333 atomorum
1543 3284 1708 3356 quae
1741 3285 1953 3356 aquae
1990 3262 2357 3360 contiguae
2389 3274 2590 3351 sunt,

510 3390 777 3466 motus,
842 3377 1168 3470 inquam,
1228 3373 1605 3447 circularis
1664 3374 1998 3469 simplex,
2067 3377 2221 3449 aeri
2287 3376 2365 3449 in
2443 3400 2590 3472 quo

511 3502 897 3564 moventur
931 3487 1559 3562 communicatus:
1612 3512 1777 3583 quae
1828 3489 2057 3562 atomi
2110 3514 2373 3587 aquam
2419 3490 2592 3563 feri-

514 3617 719 3677 entes
802 3604 877 3677 in
964 3602 1349 3676 materiam
1434 3602 1720 3675 laneam
1806 3603 2199 3691 incutiunt,
2281 3603 2593 3676 incussae

514 3729 755 3791 autem
793 3718 1025 3812 magis
1061 3717 1440 3812 magisque
1479 3715 1992 3806 madefaciunt,
2033 3717 2266 3791 donec
2302 3716 2597 3789 madida

514 3844 677 3904 tota
709 3831 823 3902 sit.
951 3829 1137 3902 Cum
1196 3854 1369 3901 vero
1426 3840 1587 3902 tota
1647 3828 1941 3901 madida
1992 3829 2234 3918 fuerit,
2296 3840 2474 3901 tunc
2534 3828 2596 3900 si

516 3966 685 4038 pars
731 3942 954 4038 panni
1003 3953 1211 4015 extra
1256 3941 1543 4038 pelvem
1593 3943 1974 4038 superficie
2030 3967 2239 4037 aquae
2292 3966 2458 4038 quae
2519 3941 2596 4014 in

506 4055 725 4152 ,pelve
791 4067 906 4128 est
963 4055 1264 4128 inferior
1329 4055 1447 4144 sit,
1502 4080 1694 4151 aqua
1750 4080 1884 4151 per
1941 4080 2264 4151 pannum
2328 4054 2599 4126 defluet

520 4181 826 4266 propter
893 4193 1269 4242 excessum
1353 4170 1735 4266 gravitatis
1803 4193 2014 4266 aquae
2075 4170 2150 4241 in
2220 4181 2599 4264 segmento

521 4284 749 4379 panni
797 4294 1099 4355 externo
1155 4306 1375 4378 super
1424 4285 1864 4379 gravitatem
1924 4285 2079 4378 ejus
2135 4307 2301 4378 quae
2357 4294 2469 4354 est
2521 4282 2602 4354 in

523 4407 904 4494 segmento
941 4395 1136 4467 intra
1169 4395 1476 4490 pelvem.
1585 4396 1777 4470 Nam
1813 4396 2196 4493 gravitatis
2232 4394 2604 4491 quantitas
