3094 5125
1117 506 1226 558 nn
1263 505 1605 560 NATURA
1643 505 1918 560 Annts.
2409 494 2553 559 289

480 678 738 742 centro
766 693 853 767 g,
896 669 1208 744 ducatur
1259 694 1393 767 per
1447 696 1496 743 a
1554 672 2054 745 semicirculus
2114 672 2279 745 alah
2333 684 2555 747 rectae

480 781 617 855 DP
663 806 1057 856 occurrens
1112 784 1188 856 in
1234 783 1304 872 h,
1345 795 1714 881 rectaeque
1772 784 1877 856 ab
1930 786 2007 858 in
2062 784 2128 858 h.
2233 785 2556 883 Ideoque

476 908 780 992 propter
825 921 924 969 ca
977 898 1333 993 aequalem
1390 899 1671 971 semissi
1726 910 1950 972 rectae
2012 898 2178 987 DV,
2232 909 2389 972 tum
2445 924 2557 997 cg

478 1010 759 1082 semissi
793 1009 958 1098 TD,
995 1010 1135 1083 erit
1168 1009 1270 1083 ab
1305 1012 1590 1084 semissi
1625 1011 1769 1084 YV
1808 1012 2129 1109 aequalis.
2203 1013 2556 1107 Adeoque

469 1123 732 1217 juncta
767 1121 877 1195 Pb
913 1134 987 1195 et
1022 1124 1471 1212 continuata,
1508 1136 1848 1197 occurret
1881 1136 2156 1220 puncto
2191 1125 2279 1198 Y.
2358 1126 2557 1197 Duc-

477 1235 716 1332 tisque
752 1233 874 1319 bk,
901 1235 1010 1308 Im
1048 1236 1291 1325 rectiS,
1329 1237 1469 1310 erit
1504 1236 1814 1332 angulus
1850 1235 2014 1310 blm
2041 1253 2308 1328 rectuS,
2344 1237 2556 1334 ipsae-

479 1373 619 1446 que
656 1347 778 1437 bk,
813 1347 920 1421 ha
955 1350 1372 1423 semissibus
1432 1362 1800 1423 rectarum
1835 1350 2011 1439 YX,
2047 1351 2200 1424 XY
2240 1350 2557 1448 aequales

479 1475 556 1535 et
588 1461 977 1558 paralleiae.

580 1580 627 1613 “
657 1575 846 1650 Quae
881 1574 1171 1670 quidem
1215 1599 1391 1649 vera
1428 1588 1623 1649 sunt.
1730 1575 1878 1649 Sed
1928 1599 2076 1649 non
2119 1576 2299 1648 item
2340 1589 2415 1651 et
2450 1600 2555 1650 se·

479 1688 801 1785 quentia,
838 1711 1102 1784 nempe
1134 1716 1151 1759 ι
1203 1688 1483 1762 biseeta
1517 1689 1768 1785 itaque
1791 1689 1926 1762 YZ
1961 1689 2038 1762 in
2075 1689 2125 1780 i,
2153 1690 2557 1787 junctaque
2605 1761 2628 1781 .‚

478 1801 565 1875 ih
597 1833 616 1887 ;
695 1801 838 1874 erit
903 1800 1123 1875 Yikb
1191 1802 1725 1898 rectangulum,
1789 1813 1865 1874 et
1926 1801 2049 1875 Yb
2116 1814 2339 1876 rectae
2406 1805 2558 1876 XV

476 1915 843 2011 parallela.
976 1914 1123 1987 Sed
1189 1927 1265 1987 et
1316 1915 1448 1987 YZ
1509 1915 1749 1987 eidem
1806 1914 1960 1986 XV
2019 1914 2366 2011 parallela
2421 1928 2556 1990 est.

477 2030 673 2126 Ergo
739 2041 816 2102 et
872 2029 1032 2118 YZ,
1095 2028 1286 2102 sicut
1354 2028 1515 2124 ipsa
1580 2026 1725 2118 Yb‚
1794 2029 2156 2124 producta
2221 2042 2559 2104 occurret

476 2156 753 2238 puncto
788 2143 869 2216 P.

578 2261 626 2295 “
656 2257 842 2329 Haec
876 2256 1017 2329 ille.
1103 2255 1252 2330 Sed
1283 2254 1497 2327 male.
1579 2254 1929 2352 Sequitur
1962 2255 2214 2351 utique
2250 2279 2342 2328 ex
2375 2278 2560 2350 prae-

478 2366 693 2441 dictis
730 2367 952 2440 Yihh
987 2366 1751 2464 parallelogrammum
1787 2390 1968 2456 esse,
2004 2367 2134 2440 sed
2183 2391 2333 2439 non
2379 2367 2560 2439 item

477 2480 1031 2579 rectangulum:
1080 2481 1418 2578 adeoque
1465 2505 1603 2554 nec
1663 2479 1783 2552 Yb
1833 2491 2056 2553 rectae
2112 2479 2266 2551 XV
2320 2480 2560 2577 paral-

478 2594 717 2668 lelam.
822 2594 994 2667 Non
1030 2594 1226 2666 enim
1268 2595 1500 2691 (quod
1534 2594 1672 2691 ipsi
1707 2594 1948 2668 fraudi
1984 2593 2157 2687 fuit)
2199 2595 2372 2691 quia
2401 2594 2561 2667 blm

480 2706 829 2801 angulum
866 2716 1149 2779 rectum
1198 2730 1353 2780 esse
1390 2707 1838 2793 ostenderat,
1878 2706 2044 2780 ideo
2083 2706 2225 2780 blei
2273 2720 2561 2781 rectum

481 2842 637 2892 esse
672 2819 1044 2914 sequitur:
1096 2819 1240 2891 nisi
1286 2819 1501 2892 simul
1539 2819 2102 2909 demonstrarat,
2137 2833 2416 2894 rectam
2450 2822 2561 2894 αΙι

479 2931 981 3005 continuatam
1019 2931 1111 3003 ad
1146 2942 1502 3028 punctum
1538 2932 1568 3005 i
1601 2932 2091 3030 pertingere.”

581 3047 678 3120 B.
736 3047 1157 3120 Mirandum
1188 3071 1362 3120 sane
1394 3060 1527 3136 est,
1557 3071 1997 3144 quemquam
2031 3068 2191 3120 esse
2220 3047 2367 3143 qui,
2392 3070 2561 3119 cum

478 3160 1173 3234 demonstrationem
1222 3174 1375 3233 tam
1421 3160 1709 3233 facilem
1767 3175 1843 3234 et
1893 3161 2352 3257 perspicuam
2410 3183 2561 3233 non

476 3274 944 3364 intellexerit,
982 3274 1073 3347 de
1109 3273 1432 3371 quaesitis
1467 3286 1716 3347 tamen
1759 3275 1836 3347 in
1890 3274 2298 3370 geometria
2351 3273 2560 3345 nobi-

475 3389 792 3478 lissimis,
829 3389 1232 3485 praesertim
1269 3387 1689 3460 hominibus
1737 3390 1851 3480 (ut
1886 3388 2225 3484 putabat)
2266 3386 2560 3474 exteris,

477 3502 780 3576 auderet
815 3500 1280 3597 respondere.
1386 3498 1801 3573 Confitetur
1848 3496 2068 3573 Yilzb
2111 3521 2269 3570 esse
2320 3496 2559 3593 paral-

476 3613 1072 3710 lelogrammum:
1111 3621 1335 3709 negat
1370 3635 1526 3685 esse
1561 3613 2090 3709 rectangulum.
2147 3610 2335 3685 Quis
2363 3610 2561 3683 enim

476 3749 626 3799 non
674 3726 901 3813 videt,
945 3725 1308 3821 completo
1355 3723 1632 3797 circulo
1667 3723 1915 3812 abbae,
1963 3725 2261 3798 ductam
2294 3722 2433 3820 hg,
2483 3733 2561 3795 et

475 3838 908 3933 productam
944 3838 1039 3912 ad
1075 3837 1741 3911 circumferentiam
1790 3839 1865 3911 in
1907 3839 1975 3925 k,
2013 3837 2364 3935 aequalem
2401 3858 2560 3907 esse

477 3963 553 4024 et
586 3952 1005 4048 parallelam
1040 3952 1218 4025 TZ:
1274 3963 1350 4024 et
1397 3949 1532 4035 Pb,
1572 3952 1695 4024 aT
1731 3976 1885 4024 esse
1933 3952 2272 4048 aequaleS,
2319 3960 2396 4020 et
2429 3971 2562 4043 per

477 4088 924 4161 consequens
959 4066 1067 4137 alz
1104 4065 1538 4161 productam
1588 4065 1899 4138 transire
1940 4088 2073 4161 per
2107 4073 2438 4136 centrum
2473 4061 2560 4148 T,

477 4189 551 4250 et
584 4177 894 4273 proinde
929 4202 1177 4250 secare
1198 4177 1351 4250 XY
1375 4176 1714 4250 bifariam
1750 4189 1828 4252 et
1855 4178 1950 4251 ad
1976 4177 2281 4273 angulos
2316 4186 2561 4248 rectos

476 4315 552 4364 1n
592 4317 616 4362 ι
647 4313 674 4362 r

578 4401 675 4475 A.
731 4402 954 4497 Atqui
989 4404 1350 4478 refutator
1419 4414 1712 4479 tantum
1796 4407 2051 4479 abesse
2120 4406 2248 4496 ait,
2322 4414 2406 4477 ut
2474 4427 2563 4477 eo

677 4537 864 4590 von.
897 4538 1009 4590 1v.
2306 4541 2360 4592 U
