3094 5125
554 476 701 557 278
1187 496 1294 547 nn
1334 497 1674 549 NATURA
1712 495 1975 547 Asms.

553 662 630 734 in
700 662 957 735 eadem
1033 664 1273 760 specie
1353 666 1680 761 corporis
1761 689 1910 738 non
1988 664 2317 760 sequitur
2390 662 2633 759 gravis

551 776 841 865 molem,
895 776 1024 849 sed
1077 778 1589 852 altitudinem:
1653 802 2099 876 quamquam
2159 778 2249 852 de
2308 776 2633 873 pondere

551 888 763 962 aliter
798 890 1260 964 sentiendum
1295 903 1429 965 est.

649 1003 746 1075 B.
803 1003 1296 1100 Hypothesim
1329 1017 1533 1078 tuam
1577 1002 1669 1077 de
1707 1003 2307 1102 corpusculorum
2354 1013 2632 1076 terreo-

550 1138 715 1188 rum
749 1116 827 1189 in
874 1140 1042 1189 aere
1093 1129 1364 1192 terram
1419 1117 1790 1191 ambiente
1825 1129 2033 1191 motu
2084 1117 2422 1191 circulari
2458 1116 2632 1190 sim-

549 1227 763 1324 plice,
834 1231 1225 1304 confirmat
1293 1232 1588 1329 quidem
1666 1232 2251 1328 experimentum
2327 1230 2469 1303 hoc
2537 1230 2629 1302 de

550 1341 812 1437 hydria
845 1342 1445 1417 hortulanorum:
1499 1344 1734 1440 magis
1770 1356 2015 1418 tamen
2074 1343 2256 1416 illud
2315 1344 2628 1416 alterum

552 1455 644 1528 de
679 1456 1019 1530 machina
1053 1481 1271 1553 quam
1307 1457 1529 1530 modo
1567 1457 2041 1553 descripsisti,
2070 1456 2146 1529 in
2182 1481 2328 1553 qua
2360 1455 2633 1552 injecta

548 1592 681 1664 per
714 1569 863 1643 vim
891 1594 1080 1666 aqua
1115 1595 1362 1644 rursus
1388 1572 1699 1667 ejicitur.
1771 1570 2138 1645 Machinae
2173 1583 2421 1645 autem
2456 1570 2633 1644 arti-

548 1683 762 1757 ficem
796 1684 990 1758 novi.

648 1796 747 1869 Α.
804 1798 1070 1871 Nonne
1104 1809 1180 1871 et
1213 1798 1336 1871 ille
1368 1821 1560 1871 unus
1592 1809 1706 1871 est
1740 1821 1830 1870 ex
1867 1797 2167 1893 collegis
2194 1798 2340 1871 tuis
2371 1797 2396 1870 P

647 1909 746 1982 B.
800 1910 1130 1984 Minime.
1254 1912 1388 1985 Est
1423 1911 1620 1985 enim
1672 1910 2248 2006 machinopoeuS,
2288 1935 2438 1984 non
2472 1911 2632 2007 phi-

546 2021 916 2120 IosophuS.

652 2139 750 2211 A.
808 2139 1184 2235 Siquidem
1250 2139 1714 2236 philosophia
1772 2140 1870 2213 sit
1937 2141 2055 2234 (ut
2123 2141 2262 2232 est)
2322 2140 2631 2212 scientia

548 2274 955 2341 causarum,
992 2277 1137 2349 quo
1173 2253 1405 2350 magis
1449 2253 1865 2351 philosophi
1923 2254 2243 2327 habendi
2296 2264 2466 2326 sunt
2523 2251 2629 2324 illi

549 2366 675 2462 qui
728 2367 1101 2439 machinas
1156 2365 1251 2438 ad
1297 2366 1800 2462 experimenta
1855 2367 2275 2440 commodas
2332 2365 2626 2437 invene-

546 2491 745 2566 runt,
782 2479 1449 2575 experimentorum
1485 2501 1741 2551 causas
1769 2479 2200 2570 nescienteS,
2236 2501 2453 2576 quam
2509 2477 2627 2551 hic

547 2595 673 2691 qui
708 2617 963 2666 causas
997 2592 1327 2666 nesciens
1372 2592 1824 2687 excogitavit
1876 2591 2298 2667 machinas?
2402 2591 2629 2665 Diffe-

547 2708 791 2779 rentia
815 2707 1010 2779 enim
1030 2705 1235 2779 nulla
1261 2706 1383 2779 hic
1414 2718 1552 2795 est,
1578 2707 1716 2779 nisi
1742 2708 1937 2803 quod
1964 2707 2149 2781 alter
2175 2707 2371 2803 quod
2396 2707 2631 2781 nescit

546 2820 829 2893 nescire
856 2843 932 2892 se
958 2820 1253 2908 fatetur,
1292 2820 1503 2893 alteri
1533 2844 1680 2893 non
1713 2819 2063 2894 fatentur.

646 2933 743 3005 B.
797 2933 973 3006 Post
1005 2956 1214 3029 aquae
1263 2942 1337 3005 et
1379 2934 1569 3006 aeris
1611 2944 1908 3006 naturas
1961 2934 2436 3019 examinataS,
2470 2956 2629 3028 per-

547 3070 804 3142 gamus
862 3047 955 3138 (si
1005 3046 1110 3119 ita
1147 3046 1284 3139 vis)
1352 3047 1448 3120 ad
1507 3057 1844 3120 naturam
1899 3047 2113 3142 igniS.
2216 3047 2313 3119 Et
2365 3046 2626 3141 prim0,

550 3159 741 3254 ignis
777 3158 953 3255 quid
982 3159 1143 3232 est?
1248 3160 1532 3255 Corpus
1569 3183 1664 3232 an
1699 3159 2088 3238 accidens?

650 3272 749 3344 A.
805 3272 954 3346 Qui
1020 3273 1288 3369 ignem,
1326 3284 1402 3345 et
1449 3273 1751 3346 effectus
1813 3274 1991 3368 ejus,
2038 3272 2366 3370 quotidie
2421 3273 2629 3347 vides

549 3394 624 3457 et
671 3384 897 3458 sentis
945 3397 1022 3458 et
1075 3385 1433 3474 nominaS,
1477 3385 1709 3459 tibine
1745 3410 1927 3482 opus
1970 3397 2085 3460 est
2126 3399 2211 3460 ut
2257 3386 2455 3459 dicat
2502 3386 2626 3460 ali·

551 3498 713 3593 quis
742 3498 920 3595 quid
953 3497 1101 3571 sit?

652 3612 747 3684 B.
803 3613 960 3708 Ego
996 3612 1243 3708 ignem
1275 3611 1428 3684 vidi
1464 3612 1622 3685 sine
1643 3612 1952 3686 materia
1974 3613 2210 3708 ignita
2228 3637 2626 3710 nunquam.

550 3726 889 3821 Lignum,
959 3726 1377 3813 carbonem,
1461 3724 1765 3811 ferrum,
1852 3727 2238 3800 materiam
2315 3728 2629 3825 denique

550 3862 1083 3934 quamcunque,
1112 3837 1172 3911 si
1200 3837 1597 3911 candescat
1616 3851 1691 3912 et
1718 3838 2117 3928 calefaciat,
2141 3840 2381 3936 ignem
2407 3865 2627 3914 voco:

550 3964 627 4025 et
662 3964 745 4026 tu
777 3975 1088 4049 quoque.
1192 3950 1380 4023 Mihi
1403 3974 1582 4047 ergo
1611 3952 1900 4024 videtur
1934 3952 2124 4048 ignis
2158 3976 2423 4050 corpus
2451 3977 2629 4042 esse,

550 4066 667 4137 vel
719 4065 964 4162 potius
1020 4064 1251 4137 multa
1298 4063 1512 4137 simul
1566 4065 1642 4138 in
1692 4065 1917 4161 ligno,
1956 4065 2070 4138 vel
2124 4065 2268 4140 alia
2324 4068 2633 4141 materia

550 4178 806 4274 ignita,
844 4176 1277 4275 corpuscula
1308 4177 1546 4274 ignea.

653 4292 749 4364 Α.
805 4291 952 4364 Sed
978 4291 1410 4387 corpuscula
1442 4290 1566 4363 illa
1594 4302 1858 4364 suntne
1894 4291 2178 4386 ignita?

660 4403 751 4476 B.
806 4405 975 4476 Non
1013 4404 1265 4499 ignita,
1295 4403 1423 4476 sed
1457 4405 1646 4499 ignis
1684 4427 1944 4476 merus,
