3094 5125
1089 499 1196 551 DE
1237 501 1577 554 NATURA
1617 495 1889 552 Anius.
2392 485 2539 561 287

455 664 756 762 aliaeque
824 690 942 739 res
1010 691 1161 741 non
1223 693 1501 764 paucae‚
1566 668 2078 765 lapidescunt?
2184 669 2542 765 Denique,

453 777 606 851 vita
639 780 814 876 quid
851 792 985 869 est,
1021 793 1097 855 et
1131 782 1498 880 quomodo
1534 782 1935 878 generata?

558 891 654 965 B.
710 894 822 966 De
877 893 990 966 his
1050 896 1266 968 rebus
1314 895 1643 968 nondum
1694 904 2137 968 statuerunt.
2246 893 2406 965 Nec
2443 892 2548 965 ita

457 1005 581 1078 diu
612 1018 724 1079 est
751 1006 946 1103 quod
980 1008 1071 1081 de
1098 1022 1362 1083 natura
1389 1033 1715 1106 quaerere
1739 1008 2166 1104 incepimuS,
2190 1020 2272 1079 ut
2301 1017 2547 1080 tantos

453 1142 838 1214 processus
902 1134 1292 1216 expectare
1356 1123 1650 1196 debeas,
1755 1123 2118 1195 Parumne
2180 1133 2294 1193 est
2351 1119 2549 1215 quod

457 1231 869 1306 doctrinam
906 1233 998 1305 de
1033 1258 1292 1324 vacuo,
1331 1248 1407 1309 et
1441 1235 1532 1310 de
1568 1247 1834 1308 natura
1869 1244 1944 1308 et
1978 1234 2302 1331 pondere
2336 1232 2547 1320 aeris,

456 1344 608 1418 fere
656 1347 811 1442 jam
862 1347 1364 1441 patefecimuS,
1428 1362 1505 1422 et
1559 1349 1787 1437 brevi,
1851 1371 2089 1443 sper0,
2147 1346 2548 1443 perfectam

460 1458 703 1531 daturi
773 1482 1044 1548 sumus,
1126 1462 1496 1550 nimirum,
1577 1473 1968 1558 postquam
2048 1461 2553 1557 experimenta

458 1582 710 1644 nostra
743 1571 817 1643 in
855 1572 1211 1648 altissimo
1261 1575 1386 1649 illo
1437 1588 1693 1648 monte
1740 1573 2129 1648 fecerimus
2164 1574 2286 1670 qni
2324 1587 2438 1647 est
2472 1573 2549 1646 in

459 1683 698 1757 insula
729 1684 1096 1759 Teneriffa
1126 1688 1150 1759 Ρ

561 1797 660 1870 Α.
716 1797 915 1871 Bene
950 1811 1085 1871 est.
1165 1800 1657 1897 Expectemus
1692 1810 1984 1895 partum
2019 1798 2312 1872 montiS.
2393 1800 2553 1896 Ego

461 1909 746 1984 interea
804 1913 1111 2008 physica
1167 1923 1557 1987 contentus
1614 1913 2034 1999 Hobbiana,
2081 1923 2420 1985 naturam
2473 1925 2551 1986 et

461 2024 892 2098 varietatem
947 2037 1192 2101 motus
1255 2026 1833 2124 contemplabor.
1935 2027 2177 2100 Etiam
2233 2025 2551 2123 politicae

465 2136 791 2232 ejusdem
827 2150 902 2212 et
938 2139 1202 2213 ethicae
1237 2140 1509 2236 regulis
1542 2139 1637 2212 ad
1673 2138 2061 2212 vivendum
2099 2152 2288 2211 utar.

563 2251 660 2323 B.
718 2252 950 2325 Recte
1002 2253 1297 2349 quidem
1366 2253 1458 2326 de
1514 2251 1835 2349 politica.
1966 2254 2099 2326 Est
2153 2252 2350 2324 enim
2404 2249 2552 2339 illa,

463 2375 548 2437 ut
612 2365 917 2461 physica
976 2379 1251 2456 nostra,
1310 2366 1945 2463 experimentalis:
2009 2389 2179 2438 nam
2235 2363 2555 2437 vicennii

463 2476 794 2574 proxime
832 2479 1226 2576 superioris
1261 2477 1712 2576 experientia
1762 2478 2065 2551 nimium
2120 2478 2558 2550 confirmata

467 2602 603 2663 est.
710 2591 910 2665 Quid
944 2604 1217 2683 autem,
1254 2593 1782 2691 quadraturam
1833 2592 2112 2680 circuli,
2168 2615 2389 2689 quam
2434 2589 2556 2662 ille

467 2714 641 2775 ante
677 2727 951 2776 annum
987 2704 1242 2795 edidit,
1278 2730 1426 2779 una
1461 2729 1630 2778 cum
1668 2705 2022 2779 divisione
2058 2705 2331 2801 anguli,
2360 2716 2436 2777 et
2469 2703 2559 2777 iis

470 2839 631 2912 quae
666 2816 1004 2911 adjunxit
1037 2817 1128 2891 de
1163 2817 1517 2913 cycloide‚
1556 2817 1648 2892 de
1705 2831 1961 2892 centro
2012 2817 2400 2914 gravitatis
2449 2842 2560 2890 se-

468 2929 854 3017 micirculi,
891 2943 1076 3002 etc.:
1133 2930 1450 3004 etiamne
1486 2929 1613 3005 illa
1646 2931 2059 3029 approbas?

571 3042 671 3116 A.
729 3040 928 3116 Quid
955 3041 1082 3114 ni?
1153 3043 1341 3116 Cum
1376 3067 1674 3117 causam
1703 3043 2189 3117 dissentiendi
2224 3042 2562 3116 omnibus

470 3179 629 3229 esse
656 3155 948 3229 videam
969 3179 1199 3229 unum
1236 3155 1695 3253 eundemque
1731 3180 2099 3229 errorem:
2155 3155 2355 3251 quod
2381 3155 2565 3229 line-

470 3293 678 3343 arum
735 3280 1109 3342 rectarum
1168 3291 1559 3341 numerum
1607 3269 2095 3364 multiplicare
2141 3292 2275 3365 per
2307 3291 2565 3340 nume-

471 3405 634 3455 rum
671 3393 1066 3467 rectarum,
1099 3379 1405 3475 perinde
1453 3379 1732 3453 habent
1774 3404 1863 3454 ac
1904 3379 2397 3476 multiplicare
2431 3403 2568 3477 per

472 3520 859 3570 numerum
906 3494 1381 3592 simpliciter:
1436 3506 1521 3568 ut
1571 3495 2034 3569 manifestius
2071 3495 2455 3591 apparebit
2488 3495 2566 3566 in

475 3610 966 3706 sequentibus.
1106 3607 1566 3681 Transmissa
1632 3620 1745 3682 est
1827 3608 1972 3681 huc
2039 3610 2462 3704 nuperrime
2525 3631 2568 3681 e

478 3718 736 3812 Gallia,
772 3723 1080 3796 authore
1116 3746 1509 3818 anonymo,
1549 3720 1823 3795 Gallice
1859 3721 2134 3819 scripta
2170 3721 2568 3818 duplicatio

479 3836 649 3908 cubi
683 3837 1152 3932 geometrica,
1191 3846 1275 3909 ut
1320 3835 1501 3908 mibi
1547 3834 1959 3926 videbatur,
2022 3836 2142 3909 cui
2197 3833 2571 3929 exemplar

479 3972 526 4020 a
555 3947 959 4046 bibliopola
991 3950 1348 4023 traditum
1394 3961 1529 4036 est,
1578 3950 1754 4023 satis
1798 3951 1987 4023 bene
2042 3949 2568 4024 demonstrata.

483 4060 716 4133 Fuere
764 4073 1010 4134 autem
1058 4063 1322 4158 quibus
1372 4063 1586 4137 aliter
1619 4063 1856 4137 visum
1905 4074 2039 4137 est.
2142 4061 2313 4134 Vidi
2372 4058 2570 4132 enim

483 4172 663 4247 duas
698 4176 856 4271 ejus
892 4173 1396 4250 refutationes.

582 4286 681 4360 B.
735 4287 1329 4382 Duplicationem
1365 4288 1536 4363 cubi
1565 4289 2234 4365 demonstratamne
2268 4308 2426 4360 esse
2462 4285 2570 4360 di-

483 4399 645 4474 cis?
746 4400 1056 4474 Videam
1102 4425 1372 4499 quaeso.
