3094 5125
843 520 949 573 nn
987 519 1592 575 Mitem-rumne
1635 520 2003 574 cmcum.
2306 502 2450 581 367

378 685 549 758 dine
612 709 828 759 arcus
896 686 1088 760 idem
1157 688 1458 785 ponitur
1521 687 1679 775 BD,
1746 709 1962 760 arcus
2030 695 2279 758 autem
2340 684 2456 758 ST

376 797 673 895 aequalis
707 812 824 872 est
856 812 1080 875 rectae
1118 802 1280 875 DC.
1384 802 1517 876 Est
1551 825 1730 898 ergo
1759 800 1984 874 etiam
2006 799 2130 872 DS
2157 797 2457 895 aequalis

375 912 658 986 duabus
694 913 970 1009 quintis
1001 938 1214 988 arcus
1251 916 1407 989 BD.

483 1024 762 1099 Coroll.
838 1028 1171 1101 Semissis
1243 1051 1421 1124 ergo
1493 1037 1717 1100 rectae
1777 1026 1911 1101 DS
1979 1025 2282 1122 aequalis
2342 1036 2457 1099 est

376 1138 654 1234 quintae
706 1140 901 1235 parti
948 1165 1161 1214 arcus
1197 1141 1351 1214 BD.
1458 1140 1708 1215 Quare
1742 1140 1804 1213 si
1837 1139 2154 1213 semissis
2184 1137 2307 1211 DS
2349 1137 2457 1229 (id

374 1265 508 1338 est,
532 1251 666 1343 Fu)
700 1253 1302 1349 quintuplicetur,
1331 1265 1489 1328 tota
1522 1253 1822 1350 oequalis
1848 1253 1988 1326 erit
2023 1262 2246 1325 rectae
2272 1252 2453 1325 BM:

376 1376 452 1437 et
503 1365 810 1461 proinde
861 1390 1073 1439 arcus
1120 1367 1286 1439 Mm
1337 1368 1639 1464 aequalis
1687 1377 1799 1440 est
1858 1365 2260 1463 quintuplae
2307 1365 2456 1439 BE.

378 1477 564 1550 Cum
620 1480 815 1551 enim
874 1503 1088 1554 arcus
1142 1482 1258 1554 ST
1316 1481 1615 1576 aequalis
1680 1480 1777 1553 sit
1838 1491 2060 1553 rectae
2106 1480 2263 1568 AB,
2318 1480 2460 1552 erit

375 1614 590 1663 arcus
648 1590 1079 1687 quadrantis
1140 1592 1493 1690 descripti
1540 1618 1587 1667 a
1627 1592 1932 1667 dimidia
1985 1593 2108 1667 DS
2158 1591 2457 1688 aequalis

376 1716 601 1777 rectae
637 1704 791 1794 ΒΕ,
827 1716 904 1779 et
949 1730 1163 1780 arcus
1218 1706 1629 1803 descriptus
1663 1729 1709 1779 a
1743 1704 2047 1780 dimidia
2079 1705 2204 1781 DS
2245 1704 2457 1801 quin-

375 1818 732 1915 tuplicata
763 1818 1062 1915 aequalis
1097 1819 1501 1916 quintuplae
1537 1818 1687 1892 BE.

1066 2041 1565 2094 PROPOSITIO
1605 2043 1757 2094 VII.

475 2154 808 2229 Semissis
853 2179 1065 2231 arcus
1101 2158 1232 2231 BD
1286 2157 1582 2254 (nempe
1617 2156 1800 2249 BP),
1850 2167 2054 2229 recta
2090 2155 2222 2230 ΟΡ
2260 2154 2455 2251 (quae

374 2267 617 2341 media
661 2282 774 2342 est
824 2271 1398 2367 proportionalis
1449 2270 1643 2343 inter
1675 2270 1807 2342 AB
1845 2281 1922 2341 et
1954 2268 2151 2360 AG),
2209 2279 2285 2341 et
2321 2269 2454 2342 Ro

371 2382 523 2454 sive
560 2383 706 2469 DS,
744 2396 915 2456 sunt
968 2386 1316 2458 continue
1369 2382 1975 2481 proportionales.
2082 2381 2456 2456 Quoniam

373 2495 505 2567 AB
554 2496 795 2570 media
843 2508 956 2571 est
1016 2498 1584 2597 proportionalis
1638 2498 1834 2572 inter
1893 2520 2146 2571 arcum
2199 2495 2331 2569 BD
2379 2507 2456 2570 et

373 2620 653 2681 rectam
688 2610 811 2683 DS
847 2612 962 2684 vel
989 2612 1148 2701 RO,
1177 2612 1582 2708 eademque
1617 2610 1860 2685 media
1893 2609 2456 2706 proportionalis

373 2720 567 2793 inter
600 2721 732 2794 AC
768 2722 1252 2819 diagonalem,
1290 2737 1366 2798 et
1400 2725 1728 2820 ejusdem
1762 2724 2155 2812 semissem,
2191 2746 2454 2818 nempe

373 2832 504 2920 AI,
534 2833 673 2906 erit
693 2846 779 2906 ut
804 2859 1017 2909 arcus
1041 2836 1169 2910 BD
1191 2837 1286 2910 ad
1313 2837 1940 2933 diagonalemAC,
1952 2838 2060 2911 ita
2080 2837 2456 2934 reciproce

374 2945 478 3018 ΑΙ
506 2944 602 3017 ad
623 2945 745 3019 DS
772 2947 886 3019 vel
915 2948 1048 3021 Ro
1073 2980 1092 3032 ;
1130 2962 1206 3022 et
1231 2973 1365 3045 per
1390 2974 1865 3046 consequens,
1886 2962 1972 3022 ut
1996 2949 2116 3023 BP
2138 2949 2456 3023 semissis

371 3058 598 3155 ipsius
624 3082 836 3132 arcus
862 3059 993 3133 BD
1015 3059 1109 3133 ad
1132 3063 1262 3147 AI,
1290 3061 1395 3135 ita
1407 3062 1509 3135 ΑΙ
1540 3062 1858 3135 semissis
1871 3062 2000 3135 AC
2026 3062 2121 3135 ad
2147 3062 2455 3136 eandem

371 3172 495 3246 DS
530 3173 646 3246 vel
679 3174 837 3247 Ro.
944 3173 1132 3248 Sunt
1183 3198 1361 3269 ergo
1405 3198 1620 3247 arcus
1669 3173 1817 3262 BP,
1853 3187 2061 3246 recta
2096 3174 2227 3249 ΟΡ
2268 3176 2454 3268 (sive

371 3287 536 3376 AI),
573 3302 654 3359 et
679 3287 800 3361 DS
822 3286 973 3360 sive
1003 3287 1162 3376 RO,
1190 3288 1538 3360 continue
1572 3287 2181 3383 proportionales
2264 3289 2454 3363 Sunt

371 3412 617 3472 autem
674 3414 823 3474 tres
882 3426 1096 3475 arcus
1134 3402 1278 3491 BP,
1316 3403 1458 3487 eO,
1496 3412 1570 3475 et
1576 3401 1702 3497 fh
1753 3401 2098 3475 continue
2146 3426 2453 3498 propor-

370 3513 701 3587 tionales.
806 3514 1002 3589 Nam
1040 3514 1166 3612 Bf
1208 3529 1320 3589 est
1376 3516 1635 3611 quinta
1688 3539 1858 3612 pars
1900 3516 2147 3589 lateris
2183 3517 2337 3605 AB,
2375 3532 2453 3591 et

373 3626 504 3721 Af
522 3639 840 3723 quatuor
864 3629 1142 3725 quintae
1177 3628 1501 3726 ejusdem
1527 3630 1659 3702 AB
1688 3661 1707 3713 ;
1762 3639 1837 3702 et
1868 3629 2176 3722 proinde
2183 3631 2265 3727 f
2262 3630 2310 3701 Ιι
2337 3642 2452 3704 est

372 3738 536 3813 duae
570 3741 846 3836 quintae
895 3767 1109 3828 arcus
1146 3744 1302 3834 BD,
1337 3768 1556 3840 quam
1609 3743 1963 3839 aequalem
2024 3766 2179 3817 esse
2226 3753 2450 3816 rectae

371 3851 508 3926 Ro
547 3863 915 3928 ostensum
950 3871 1062 3929 est
1095 3856 1172 3929 in
1208 3856 1594 3930 corollario
1646 3856 2133 3951 praecedentis
2181 3880 2452 3951 propo-

369 3966 674 4040 sitionis.
778 3968 963 4040 Cum
1021 3993 1198 4066 ergo
1258 3993 1472 4043 arcus
1515 3969 1634 4042 eO
1680 3969 1963 4043 medius
2007 3971 2103 4042 sit
2145 3993 2452 4065 propor-

369 4079 663 4154 tionalis
718 4081 910 4154 inter
971 4107 1222 4156 arcum
1273 4084 1396 4156 BP
1435 4097 1511 4157 et
1558 4107 1811 4156 arcum
1838 4083 1984 4180 fh,
2046 4082 2187 4155 erit
2238 4105 2452 4155 arcus

368 4196 486 4269 eO
514 4193 796 4266 medius
822 4196 1386 4289 proportionalis
1416 4196 1612 4268 inter
1637 4220 1889 4268 arcum
1921 4196 2039 4267 BP
2060 4206 2135 4266 et
2170 4206 2451 4266 rectam

370 4309 550 4392 RO;
586 4319 662 4380 et
693 4306 1002 4403 proinde
1037 4309 1332 4404 aequalis
1368 4320 1591 4381 rectae
1615 4309 1788 4392 QP;
1825 4321 1999 4381 sunt
2025 4330 2198 4401 ergo
2234 4330 2448 4380 arcus

371 4422 516 4506 BP,
544 4432 747 4494 recta
784 4419 936 4508 QP,
965 4430 1043 4491 et
1075 4431 1281 4494 recta
1309 4421 1441 4494 Ro
1466 4421 1816 4494 continue
1844 4419 2444 4517 proportionales

2534 707 2704 750 PRoP.
2734 707 2818 746 vl.

2532 774 2818 814 κ-Ὓ-κ
