3094 5125
728 514 1358 566 MATHEMA'rlcAE
1399 512 1885 566 nomnnNAE.
2280 500 2358 565 ll

260 707 665 782 processus
732 707 989 757 eornm
1046 706 1333 779 semper
1400 682 1690 772 desinit,
1741 695 1828 755 ut
1885 682 2369 778 pronuntient
2442 705 2742 749 numana

261 799 686 894 problema,
725 797 935 893 cujus
986 797 1604 869 constructionem
1641 807 1978 892 quaerunt
2029 820 2162 893 per
2205 820 2369 869 eam
2449 769 2738 891 *ΞΓ-,ἱ

262 911 773 1006 geometriam
810 933 974 1005 quae
1010 934 1206 982 nunc
1242 921 1469 999 extat,
1506 934 1664 983 esse
1697 909 2106 1000 insolubile,
2147 923 2369 1006 atque

264 1024 450 1097 adeo
487 1048 695 1120 opus
730 1047 889 1096 esse
940 1023 1034 1097 ad
1086 1024 1708 1097 constructionem
1744 1026 1899 1120 ejus
1934 1024 2371 1120 quibusdam

266 1139 426 1211 aliis
463 1138 726 1226 lineiS,
757 1161 922 1233 quae
955 1137 1157 1210 nulla
1190 1149 1350 1210 arte
1383 1146 1727 1209 accurate
1762 1136 1932 1209 duci
1965 1148 2295 1233 possunt.

365 1250 458 1323 A.
519 1251 902 1346 Legamus
935 1274 1113 1346 ergo
1163 1249 1889 1323 ulterius—Partim
1923 1251 2146 1323 etiam
2180 1250 2383 1348 quod

272 1369 806 1441 arithmetices
824 1366 1195 1465 pomaeria
1217 1376 1369 1439 tam
1393 1367 1668 1439 stricta
1683 1367 2053 1463 fecerint,
2080 1377 2162 1440 ut
2181 1367 2378 1440 veris

273 1482 637 1571 numeris,
677 1480 1163 1554 rationalibus
1207 1481 1502 1554 scilieet
1560 1489 1633 1553 et
1683 1480 1976 1578 quidem
2033 1479 2378 1579 integris,

277 1604 798 1669 coerceantur.

375 1709 478 1781 B.
538 1707 928 1782 Praevideo
964 1709 1086 1783 hic
1122 1706 1302 1804 quid
1334 1707 1912 1804 reprehensurus
1946 1731 2049 1781 es.

380 1821 481 1895 A.
544 1819 812 1896 Quid?

384 1935 485 2006 B.
545 1932 777 2009 Quod
812 1933 1348 2007 arithmeticam
1384 1935 1661 2007 versari
1699 1947 1912 2030 putet
1955 1935 2151 2007 circa
2184 1932 2382 2006 aliud

286 2061 561 2143 praeter
588 2070 961 2119 numeros,
1065 2048 1259 2120 Nam
1289 2048 1414 2145 qui
1441 2070 1791 2120 numerus
1818 2070 2034 2120 verus
2059 2069 2210 2120 non
2247 2058 2383 2135 est,

287 2160 601 2233 omnino
636 2183 790 2232 non
827 2172 943 2233 est
975 2184 1344 2234 numerus,

385 2272 484 2348 A.
544 2275 806 2346 Recte.
911 2275 1057 2348 Sed
1111 2287 1188 2347 et
1245 2275 1427 2348 illud
1473 2297 1764 2372 quoqne
1813 2273 2387 2369 reprehensurus

292 2410 521 2477 eram,
566 2386 766 2482 quod
823 2387 1141 2483 explicet
1188 2390 1315 2483 qui
1373 2389 1522 2461 sint
1554 2412 1727 2461 vere
1769 2387 2057 2461 numeri
2092 2411 2224 2484 per
2258 2410 2386 2458 ra-

296 2501 627 2574 tionales
694 2510 770 2573 et
829 2501 1119 2599 quidem
1173 2502 1536 2601 integros.
1640 2503 1832 2577 Nam
1887 2525 2232 2576 numerus
2292 2500 2388 2575 ad

294 2638 693 2688 numerum
763 2615 1208 2689 irrationalis
1277 2639 1436 2689 esse
1505 2640 1656 2689 non
1715 2628 1982 2712 potest,
2043 2616 2391 2712 quoniam

301 2752 563 2801 omnes
615 2728 919 2801 metitur
975 2729 1251 2802 unitas.
1357 2729 1600 2804 Quem
1633 2753 1810 2826 ergo
1846 2729 1968 2802 ill’e
2004 2752 2392 2804 numerum

302 2865 444 2913 non
485 2865 758 2929 verum,
816 2853 891 2913 et
945 2841 1069 2914 alii
1123 2842 1425 2915 sardam
1477 2842 1757 2931 dicunt,
1795 2843 2165 2939 quantitas
2216 2865 2393 2914 con-

305 2954 519 3028 tinua
553 2966 691 3044 est,
730 2966 806 3027 et
837 2956 1186 3051 pertinet,
1224 2980 1372 3029 non
1407 2956 1503 3029 ad
1534 2956 2097 3045 arithmeticam,
2134 2955 2264 3029 sed
2298 2955 2395 3029 ad

307 3068 816 3162 geometriam.
922 3068 1284 3142 Praeterea
1334 3093 1486 3142 non
1537 3081 1737 3142 recte
1772 3093 1817 3141 a
1850 3070 2041 3142 veris
2074 3068 2397 3141 numeris

311 3180 708 3276 distinguit
738 3181 1156 3255 fractiones,
1263 3182 1702 3278 Quanquam
1730 3182 1925 3255 enim
1961 3183 2246 3255 soleant
2273 3206 2400 3277 ap-

310 3294 573 3390 pellari
605 3295 893 3367 numeri
924 3295 1166 3385 fracti,
1187 3319 1337 3368 non
1367 3308 1614 3368 tamen
1640 3319 1990 3369 numerus
2009 3296 2401 3392 frangitur,

317 3407 447 3481 sed
502 3431 620 3480 res
674 3407 750 3480 in
807 3431 1050 3481 rerum
1106 3432 1518 3481 numerum.
1623 3409 1884 3505 Itaque
1940 3409 2103 3483 duae
2161 3408 2402 3483 unciae

317 3543 469 3593 non
526 3520 769 3593 minus
827 3543 1177 3594 numerus
1219 3545 1434 3595 verus
1494 3533 1633 3609 est,
1689 3546 1906 3618 quam
1971 3521 2117 3595 duo
2176 3546 2402 3596 asses.

324 3632 806 3706 Desideratur
855 3657 1033 3730 ergo
1088 3634 1208 3707 hic
1242 3649 1499 3730 ἀκρίβεια
1547 3633 1695 3722 illa,
1733 3658 1899 3730 quae
1950 3646 2103 3709 tam
2151 3659 2406 3710 neces-

325 3747 516 3819 saria
593 3757 707 3819 est
772 3759 1196 3842 geometrae,
1278 3770 1498 3842 quam
1566 3747 1975 3845 intelligere
2054 3762 2130 3822 et
2202 3748 2407 3846 loqui

328 3860 585 3933 Latine
620 3860 1066 3934 academico.
1173 3859 1319 3933 Sed
1352 3883 1709 3956 pergo.-
1724 3860 1824 3932 Ut
1857 3884 2131 3959 reapse
2163 3873 2408 3935 osten-

330 3974 497 4046 dam
529 3972 758 4045 etiam
771 3973 1225 4071 geometrica
1236 3972 1736 4070 problemata,
1760 3984 2118 4071 quatenus
2144 3974 2409 4048 saltem

333 4111 379 4158 a
432 4086 805 4183 positione
857 4088 1012 4160 sive
1063 4087 1287 4160 locali
1330 4087 1483 4159 situ
1526 4086 1995 4179 abstrahunt,
2031 4114 2080 4160 a
2113 4088 2413 4185 princi-

322 4199 483 4296 piis
517 4199 1018 4272 arithmeticis
1041 4199 1162 4272 vel
1189 4200 1505 4272 maxime
1532 4199 1995 4296 dependere:
2023 4209 2097 4271 et
2123 4199 2414 4296 quidem

338 4338 420 4385 eo
452 4337 682 4410 usqae
715 4312 998 4401 abesse,
1036 4324 1114 4387 ut
1141 4314 1250 4387 acl
1264 4312 1742 4410 problemata
1768 4314 1927 4385 sive
1962 4312 2414 4386 theoremata

336 4450 523 4523 pure
572 4427 1046 4500 arithmetica
1095 4426 1678 4517 statuminando,
1716 4424 1963 4523 (quod
2002 4435 2243 4499 tamen
2277 4452 2417 4500 non
