3094 5125
1163 512 1269 565 nn
1309 513 1647 566 NATURA
1686 514 1958 566 Asius.
2450 499 2595 565 255

519 675 710 749 forte
778 675 1288 767 concedamus,
1360 680 1559 776 quod
1628 678 2177 754 concedendum
2246 702 2398 751 non
2465 688 2600 765 est,

519 790 796 863 moveri
849 814 1061 886 posse
1125 790 1402 888 aliquid
1453 816 1499 864 a
1552 793 1815 889 seipso.
1922 791 2349 888 Supponitis
2404 791 2600 864 enim

519 903 706 976 aeris
739 903 1199 998 particulam,
1231 928 1395 1000 quae
1429 917 1630 978 certe
1667 905 1842 979 dum
1875 906 2236 1003 premitur
2270 906 2600 1002 quiescit,

519 1016 614 1088 ad
681 1016 793 1089 sui
850 1017 1392 1091 restitutionem
1449 1020 1754 1109 moveri,
1809 1020 2085 1093 nullam
2145 1019 2602 1115 assignantes

517 1130 684 1204 talis
719 1142 962 1204 motus
997 1155 1312 1220 causam,
1342 1144 1613 1229 praeter
1643 1133 1847 1206 illam
1880 1135 2114 1230 ipsam
2140 1131 2599 1228 particulam.

616 1244 714 1317 B.
769 1244 985 1318 Nosti
1020 1246 1601 1341 experimentum
1633 1247 1816 1320 illud
1850 1248 1942 1320 de
1975 1270 2208 1321 vacuo
2242 1245 2602 1319 Torricel-

518 1356 816 1431 lianum.
922 1357 1350 1453 Cylindrum
1384 1385 1669 1451 cavum,
1702 1361 2043 1450 vitreum,
2081 1360 2171 1434 ab
2209 1383 2359 1432 una
2389 1369 2601 1455 parte

518 1481 856 1544 accurate
891 1471 1241 1561 clausum,
1276 1473 1369 1545 ab
1431 1474 1663 1547 altera
1713 1483 1923 1570 parte
1970 1483 2331 1569 apertum,
2365 1473 2602 1568 reple-

518 1595 677 1657 tum
731 1596 1038 1680 argento
1073 1586 1241 1658 vivo
1297 1587 1673 1660 invertunt
1720 1587 2310 1681 immerguntque
2361 1585 2439 1658 in
2474 1610 2602 1659 vas

517 1708 877 1792 apertum,
914 1697 990 1769 in
1037 1722 1182 1793 quo
1216 1722 1387 1771 vase
1423 1699 1841 1772 continetur
1877 1699 2098 1771 etiam
2131 1698 2422 1792 argenti
2454 1698 2602 1771 vivi

519 1820 873 1905 quantum
927 1834 1109 1905 opus
1170 1821 1286 1883 est
1352 1810 1448 1882 ad
1506 1835 1591 1883 os
1655 1809 1966 1906 cylindri
2034 1809 2598 1904 contegendum.

517 1923 777 2019 Itaque
829 1934 1221 2018 argentum
1281 1922 1530 1994 vivum
1599 1921 1980 1995 descendit
2034 1946 2074 1994 e
2122 1921 2455 2017 cylindro
2523 1923 2601 1994 in

516 2037 926 2131 subjectum
951 2059 1101 2108 vas,
1181 2035 1447 2108 Nonne
1476 2058 1653 2132 ergo
1679 2036 2016 2132 spatium,
2043 2035 2240 2131 quod
2272 2035 2347 2107 in
2376 2034 2598 2130 cylin-

515 2147 650 2222 dro
686 2149 779 2223 ab
816 2160 1123 2244 argento
1152 2148 1318 2222 vivo
1367 2149 1749 2236 deseritur,
1806 2149 2212 2222 remanebit
2236 2148 2599 2220 vacuum?

614 2262 685 2334 A
695 2318 712 2334 .
769 2263 942 2335 Non
978 2272 1088 2336 est
1123 2286 1443 2336 necesse.
1552 2263 1629 2336 Si
1663 2263 1740 2334 in
1775 2262 2085 2336 fundum
2114 2285 2344 2357 usque
2379 2261 2598 2335 maris

514 2375 755 2449 vesica
822 2375 1262 2450 detrudatur
1326 2377 1545 2473 plena
1613 2375 1824 2466 aeriS,
1887 2388 2109 2470 atque
2177 2375 2324 2448 illic
2383 2385 2600 2470 rupta

516 2487 794 2561 exitum
846 2490 1209 2586 praeberet
1257 2491 1454 2574 aeri;
1507 2500 1816 2585 putasne
1871 2512 2118 2561 aerem
2166 2487 2395 2576 illum,
2444 2489 2600 2584 jam

513 2599 846 2692 liberum,
884 2602 962 2675 in
1019 2602 1250 2676 fundo
1311 2604 1531 2677 maris
1584 2627 2034 2691 mansurum,
2071 2627 2166 2677 an
2201 2603 2449 2700 potius
2485 2626 2595 2675 as-

515 2736 905 2788 censurum
941 2739 1097 2789 esse
1131 2715 1226 2789 ad
1261 2717 1716 2814 superficiem
1753 2716 2016 2812 aquae?

612 2827 708 2898 B.
763 2827 1136 2902 Ascendet
1161 2830 1493 2925 profecto
1529 2830 1912 2904 manifeste
1948 2830 2325 2904 ebulliens.

611 2936 705 3013 A.
761 2941 1010 3016 Quare
1045 2944 1347 3015 autem?
1448 2943 1623 3015 Noli
1683 2941 1864 3015 mihi
1921 2967 2120 3015 nunc
2155 2943 2260 3015 sic
2294 2966 2596 3039 respon-

517 3052 710 3144 dere,
732 3078 996 3151 nempe
1030 3054 1360 3128 accidere
1393 3055 1558 3143 hoc,
1588 3056 1759 3150 quia
1793 3055 2035 3128 minus
2070 3066 2185 3128 est
2218 3080 2344 3128 aer
2378 3079 2598 3151 quam

514 3189 706 3263 aqua
736 3169 982 3265 gravis
1013 3196 1030 3241 z
1068 3167 1196 3241 sed
1225 3167 1530 3242 ostende
1565 3192 1611 3241 a
1644 3192 1789 3266 quo
1825 3177 2134 3257 motore‚
2169 3191 2304 3262 per
2330 3190 2596 3263 corpus

514 3301 745 3374 aquae,
781 3280 1022 3355 minus
1057 3280 1324 3355 mobile
1378 3304 1596 3378 quam
1632 3292 1746 3353 est
1779 3281 1937 3377 ipse
1989 3303 2139 3371 aer,
2173 3293 2594 3377 penetranS,

515 3391 704 3466 istuc
737 3392 994 3467 fertur.

616 3504 714 3578 B.
768 3507 984 3600 Aqua
1042 3504 1385 3579 deorsum
1438 3517 1750 3579 conatur
1799 3504 2029 3579 multo
2090 3506 2322 3601 magis
2375 3529 2596 3601 quam

514 3641 662 3692 aer.
765 3618 1081 3692 Necesse
1136 3642 1313 3714 ergo
1366 3631 1499 3708 est,
1537 3629 1622 3692 ut
1654 3620 1835 3693 mihi
1869 3618 2127 3692 saltem
2160 3618 2474 3707 videtur,
2510 3630 2597 3691 ut

513 3755 706 3828 aqua
736 3755 871 3828 per
903 3743 1250 3806 conatum
1288 3756 1507 3828 quem
1556 3733 1779 3806 habet
1825 3731 1919 3806 ad
1968 3744 2306 3806 centrum
2352 3742 2593 3821 terrae,

514 3846 866 3942 majorem
927 3869 1148 3942 quam
1201 3844 1426 3918 habet
1478 3869 1627 3935 aer,
1678 3869 1922 3920 aerem
1979 3855 2290 3942 premat,
2345 3854 2420 3916 et
2469 3867 2596 3917 aer

511 3981 805 4054 pressus
860 3958 1170 4033 fundum
1214 3968 1525 4055 premat,
1564 3969 1641 4032 et
1677 3957 1949 4032 fundus
2001 3972 2295 4055 pressus
2349 3979 2594 4029 aerem

513 4071 982 4168 repercutiat,
1017 4082 1226 4145 tanto
1281 4083 1557 4146 conatu
1608 4082 1693 4145 ut
1737 4095 2005 4169 aquam
2051 4071 2429 4143 dimovens
2462 4092 2592 4142 ne-

515 4185 831 4257 cessario
865 4196 1214 4281 emergat.

613 4297 714 4370 A.
770 4296 969 4372 Quid
1004 4298 1066 4370 si
1100 4298 1179 4371 in
1211 4322 1379 4371 vase
1414 4298 1664 4372 clauso
1698 4322 1888 4393 aqua
1911 4295 2213 4370 inferior
2246 4293 2589 4385 existenS,

513 4429 765 4481 versus
799 4432 1066 4499 aerem,
1103 4433 1322 4505 super
1365 4410 1608 4505 ipsum
1643 4410 2102 4494 existentem,
2137 4416 2589 4502 supponatur
