3094 5125
665 444 763 509 90
1100 457 1641 511 nxAMINA‘no
1681 458 1786 512 ET
1822 459 2321 513 ΕΜΕΝΒΑΤΙΟ

282 655 584 701 »mooun
660 622 956 723 gratia,
1015 622 1136 697 vel
1184 650 1320 721 quo
1377 648 1838 700 numerorum
1896 625 2547 725 supputandorum
2605 627 2747 701 col-

449 741 489 780 1·

294 741 581 848 *ΕΓ-ὀ

663 738 855 811 latio
917 737 1359 810 commodior
1408 740 1597 833 flat,
1671 749 1753 812 ut
1825 741 1902 813 in
1969 740 2319 839 apposito
2390 742 2748 840 exemplo,

661 850 1018 947 ejusmodi
1049 850 1557 925 redundantes
1590 853 1892 951 cyphrae
1924 853 2359 927 scribantur
2379 881 2410 938 ;

984 1012 1178 1073 Librae
1580 1014 1765 1075 Solidi
2166 1016 2410 1076 Denarii

1026 1124 1098 1179 13
1631 1124 1701 1179 12
2255 1125 2330 1182 10

1022 1216 1103 1271 24
1623 1218 1703 1274 08
2253 1218 2334 1275 06

1022 1310 1102 1366 05
1622 1310 1701 1367 04
2251 1311 2326 1365 01

764 1465 927 1554 Nae,
961 1464 1086 1539 ille
1132 1465 1515 1561 elegantiae
1561 1467 1965 1540 aestimator
2007 1465 2392 1563 imperitus
2440 1480 2581 1558 est,
2631 1471 2754 1564 qui

663 1579 957 1653 inutiles
991 1579 1170 1652 istas
1205 1580 1496 1676 ciphras
1542 1578 1638 1652 ad
1686 1579 2131 1676 supplendas
2176 1579 2477 1653 lacunas
2513 1583 2753 1677 praefi-

662 1716 837 1789 gere
872 1692 1257 1789 elegantiae
1291 1715 1449 1765 esse
1476 1691 1784 1789 judicat.
1889 1691 2174 1765 Deinde
2224 1693 2535 1789 paginas
2572 1693 2752 1768 duas

661 1806 963 1880 insumit
997 1805 1092 1879 ad
1137 1804 1659 1879 declarandum
1694 1816 2036 1879 naturam
2069 1806 2516 1880 fractionum
2553 1805 2752 1881 deci-

661 1920 1004 2005 malium3
1067 1918 1267 2017 quod
1326 1918 1552 1992 etiam
1610 1918 1997 2015 imperitiae
2057 1930 2189 1992 est.
2305 1919 2494 1992 Cum
2555 1921 2753 1993 enim

661 2032 991 2108 locorum
1024 2034 1309 2106 valores
1360 2032 1439 2105 in
1481 2030 1790 2130 integris
1840 2033 2245 2129 procedant
2285 2057 2331 2106 a
2377 2032 2544 2107 loco
2593 2035 2751 2107 uni-

662 2155 918 2236 tatum,
953 2170 1242 2243 semper
1285 2169 1418 2243 per
1470 2153 1560 2219 10
1611 2144 2190 2241 multiplicando,
2229 2156 2303 2219 et
2353 2145 2751 2221 fractiones

662 2259 1051 2332 decimales
1084 2257 1491 2356 procedant
1531 2284 1578 2332 a
1609 2258 1772 2331 loco
1823 2258 2084 2332 eodem
2120 2259 2506 2349 unitatum,
2560 2284 2750 2334 sem-

660 2395 793 2468 per
823 2395 957 2468 per
998 2381 1086 2445 10
1131 2369 1552 2457 dividend0‚
1603 2394 2226 2467 supervacaneum
2275 2384 2438 2446 erat
2488 2373 2749 2447 distin-

659 2507 887 2580 guere
920 2484 1085 2557 loca
1112 2484 1371 2557 dextra
1404 2494 1478 2557 et
1513 2484 1832 2558 sinistra.
1905 2486 2098 2558 Nam
2122 2484 2364 2582 posita
2387 2485 2748 2561 fractione

662 2598 801 2670 hac
870 2596 1214 2671 decimali
1268 2595 1374 2688 ἷ-Εῑῡ,
1437 2610 1655 2672 erunt
1712 2599 1914 2688 facti,
1976 2599 2370 2674 dividendo
2430 2624 2567 2696 per
2635 2610 2746 2689 10,

660 2708 1112 2800 ᾗψ-,ὲς-ὶ-ῑὲῑ,
1150 2711 1341 2784 sicut
1380 2711 1651 2808 integri
1692 2721 1804 2803 10,
1851 2720 2013 2801 100,
2072 2721 2285 2803 1000,
2326 2712 2505 2787 facti
2558 2715 2744 2787 mul-

653 2825 1059 2925 tiplicando
1125 2848 1259 2921 per
1337 2832 1449 2914 10,
1517 2825 2125 2922 proportionales,
2263 2826 2525 2923 Itaque
2585 2839 2746 2901 tota

655 2942 918 3016 fractio
964 2940 1240 3014 valebit
1266 2936 1349 3022 5¹3,-
1370 2951 1430 3011 -Ι-
1453 2937 1531 3022 ἐς
1555 2938 1731 3022 ÷1÷00.
1848 2939 2201 3015 Similiter
2258 2938 2522 3014 fractio
2583 2941 2745 3015 haec

655 3054 738 3139 ἐξ
771 3054 1045 3129 valebit
1080 3052 1158 3136 ,ΑΟ
1185 3052 1339 3136 ψῖῗς
1360 3051 1539 3136 ψῑῗᾰπ.
1642 3053 1878 3125 Miror
1912 3075 2088 3148 ergo
2128 3053 2496 3148 quomodo
2517 3055 2744 3128 verba

653 3169 774 3242 hic
830 3169 1149 3265 reperire
1183 3168 1446 3264 potuit,
1490 3166 1755 3262 quibus
1812 3165 1969 3239 fere
2019 3165 2200 3240 duas
2245 3168 2554 3264 paginas
2604 3169 2741 3242 im-

650 3280 912 3378 pleret.

755 3393 852 3467 B.
911 3394 1070 3469 Scis
1106 3417 1275 3466 eum
1319 3416 1471 3466 non
1510 3393 1735 3467 modo
1769 3392 2254 3490 professorem
2287 3395 2739 3490 geometriae,

651 3507 782 3581 sed
850 3508 1072 3581 etiam
1138 3506 1738 3580 concionatorem
1797 3530 2003 3591 esse;
2072 3519 2146 3580 et
2204 3517 2598 3604 propterea
2661 3507 2740 3581 in

651 3619 1064 3719 quaerendis
1099 3619 1338 3694 verbis
1372 3619 1784 3693 necessario
1819 3631 1897 3692 et
1930 3619 2244 3692 multum
2280 3621 2628 3694 exerceri.

752 3734 853 3808 A.
907 3732 1055 3806 Sed
1116 3755 1248 3806 cur
1303 3756 1646 3805 numeros
1693 3733 2052 3830 integros,
2098 3742 2172 3805 et
2211 3743 2487 3833 partes
2539 3733 2736 3807 deci-

651 3847 885 3921 males
932 3844 1482 3943 conjungendas
1529 3867 1687 3917 esse
1743 3845 2052 3935 censuit,
2088 3845 2278 3919 sicut
2311 3847 2389 3918 in
2423 3846 2565 3921 hoc
2600 3870 2735 3920 nu-

651 3985 854 4035 mero
923 3957 1122 4048 fecit,
1195 3982 1414 4054 quem
1474 3957 1788 4055 exempli
1849 3982 2071 4032 causa
2136 3960 2488 4056 proponit
2555 3961 2731 4056 ipse,

652 4077 897 4158 35797
904 4069 1048 4146 53?
1152 4071 1302 4145 Cur
1339 4072 1564 4144 etiam
1585 4081 1862 4169 partes
1899 4071 2170 4168 delegit
2207 4075 2379 4161 753,
2421 4097 2588 4169 quae
2624 4073 2735 4145 in-

647 4211 881 4261 versae
915 4195 1087 4259 sunt
1121 4184 1574 4280 integrorum
1607 4189 1752 4266 357
1777 4182 1803 4256 Ρ
1888 4185 2082 4256 Nam
2116 4183 2469 4258 lectorem
2503 4185 2732 4282 impe-

648 4300 874 4372 ritum
936 4324 981 4372 a
1038 4297 1347 4371 veritate
1406 4296 1799 4386 abducent,
1868 4306 2244 4393 tamquam
2303 4298 2561 4395 regula
2610 4298 2734 4372 illa

646 4411 1025 4486 divisionis
1048 4436 1187 4510 per
1231 4419 1343 4501 10,
1379 4435 1526 4485 non
1562 4422 1752 4485 esset
1786 4410 2002 4484 aliter
2034 4434 2228 4484 vera.
