3094 5125
1064 496 1732 555 GEOMETRARUM.
2280 487 2425 555 399

357 660 722 739 directum
736 662 1174 757 jacentium,
1200 664 1515 740 alterius
1541 666 1652 740 ad
1672 664 1995 739 alteram
2022 662 2423 740 inclinatio.
2505 692 2642 735 cu.
2671 694 2803 737 vm.

355 774 606 851 Ideam
641 774 795 848 sive
821 774 1213 874 imaginem
1251 779 1525 877 anguli,
1563 778 1654 851 de
1691 802 1837 875 quo
1874 791 2025 852 tam
2059 778 2291 851 multa
2325 779 2427 852 di·
2506 762 2795 879 m

355 899 627 969 cuntur
646 911 694 961 a
715 891 1132 985 geometris,
1159 893 1590 989 impressam
1617 893 1861 966 animo
1887 892 2104 989 pauci
2127 892 2428 967 habent.

357 1001 728 1098 Quicquid
755 1004 1074 1078 maxima
1099 1029 1189 1078 ex
1213 1018 1423 1103 parte
1449 1006 1523 1079 in
1555 1006 1939 1102 superficie
1972 1006 2121 1079 late
2146 1016 2430 1102 patens,

355 1116 625 1189 desinit
656 1116 734 1189 in
769 1129 1186 1213 angustum,
1215 1118 1485 1192 dicitur
1518 1119 1740 1216 vulgo
1775 1119 2108 1216 angulus,
2178 1118 2433 1193 Talem

355 1228 594 1303 ideam
628 1229 902 1326 anguli,
949 1232 1171 1305 etiam
1216 1231 1558 1305 Euclides
1604 1256 1652 1306 a
1685 1232 2097 1328 conspectis
2150 1231 2433 1306 duabus

353 1343 565 1416 lineis
618 1345 1221 1419 concurrentibus
1283 1356 1718 1441 conceptam
1769 1345 2063 1419 videtur
2116 1344 2432 1418 voluisse

355 1456 498 1529 hoc
545 1456 708 1530 loco
743 1457 982 1531 verbis
1017 1458 1389 1532 declarare
1420 1486 1439 1531 ε
1504 1482 1771 1555 neque,
1808 1470 1893 1532 ut
1925 1458 2240 1550 videtur,
2276 1484 2433 1533 om-

354 1571 530 1644 nino
567 1571 1019 1666 cogitaverat
1052 1584 1183 1646 aut
1208 1572 1591 1647 audiverat
1617 1573 2008 1669 quicquam
2044 1572 2134 1645 de
2161 1573 2429 1669 angulo

353 1697 758 1759 contactus.
863 1685 1306 1785 Quanquam
1341 1688 1538 1761 enim
1580 1687 1843 1782 (Elem.
1880 1688 1981 1760 iii.
2033 1710 2240 1784 prop.
2302 1688 2424 1781 16)

353 1809 665 1872 conatur
717 1799 1218 1874 demonstrare
1266 1801 1620 1898 angulum
1672 1801 1951 1875 factum
1992 1824 2038 1873 a
2079 1810 2429 1896 tangente

353 1922 430 1985 et
463 1912 1048 1988 circumferentia
1073 1913 1329 1987 circuli
1362 1914 1723 1987 minorem
1748 1938 1905 1988 esse
1933 1912 2133 1987 omni
2159 1912 2429 2008 angulo

354 2035 594 2113 acuto,
622 2049 985 2124 nusquam
1009 2037 1256 2101 tamen
1281 2028 1618 2100 nominat
1644 2028 1992 2124 angulum
2020 2036 2457 2115 contactuS,

354 2160 592 2233 neque
646 2138 737 2212 de
796 2139 921 2213 illo
978 2141 1112 2213 sub
1173 2140 1317 2213 alio
1374 2140 1634 2236 quovis
1686 2140 1983 2214 nomine
2039 2140 2431 2236 quicquam

357 2251 558 2324 dicit.
665 2251 920 2348 Itaque
954 2276 1103 2327 non
1138 2252 1428 2327 videtur
1460 2253 1774 2327 voluisse
1808 2252 2428 2349 comprehendere

355 2364 494 2437 hac
548 2364 975 2439 definitione
1030 2366 1382 2462 angulum
1434 2365 1737 2462 planum
1787 2366 2045 2457 ullum,
2099 2364 2227 2462 qui
2279 2389 2432 2439 non

354 2475 577 2551 fuerit
611 2478 938 2575 ejusdem
973 2479 1261 2576 generis
1288 2502 1459 2552 cum
1489 2479 1758 2576 angulo
1784 2478 2196 2553 rectilineo:
2236 2478 2434 2576 quod

357 2591 581 2663 etiam
610 2613 701 2663 ex
733 2615 821 2664 eo
850 2592 1096 2688 colligi
1125 2602 1394 2688 potest,
1423 2592 1623 2688 quod
1656 2590 1748 2666 ad
1785 2592 2034 2689 anguli
2061 2592 2428 2666 definitio-

356 2725 528 2774 nem
580 2704 1066 2777 necessariam
1116 2705 1486 2800 putaverit
1539 2729 1698 2779 esse
1759 2706 2280 2797 conditionem,
2332 2729 2428 2779 ne

356 2813 562 2886 lineoe
597 2839 750 2910 quae
794 2814 1149 2914 angulum
1195 2816 1522 2911 efficiunt
1555 2819 1870 2914 jaceant
1925 2820 2003 2892 in
2044 2819 2424 2894 directum.

357 2927 632 2999 Verum
686 2927 864 3023 quid
916 2928 1230 3001 voluisse
1287 2928 1583 3002 videtur
1639 2931 2000 3019 EuclideS,
2061 2932 2427 3028 conjicere

355 3040 630 3114 frustra
661 3041 843 3115 erit:
904 3041 1140 3137 ipsam
1174 3039 1676 3116 definitionem
1710 3045 2068 3118 verbatim
2100 3045 2431 3119 conside-

351 3177 625 3228 remus.

457 3266 679 3350 Quod
695 3274 784 3339 ut
818 3265 1074 3339 melius
1108 3266 1484 3358 faciamuS,
1507 3291 1678 3341 cum
1700 3270 1796 3343 sit
1830 3293 1948 3343 res
1970 3269 2148 3344 satis
2175 3270 2427 3367 magni

353 3379 892 3454 mathematicis
927 3381 1304 3469 momenti,
1342 3405 1649 3478 quaeque
1682 3407 1987 3481 magnas
2031 3383 2227 3457 inter
2264 3384 2429 3458 Cla-

354 3493 554 3566 vium
609 3506 686 3568 et
739 3493 1204 3567 Pelletarium
1270 3495 1775 3570 contentiones
1836 3497 2207 3587 excitavit,
2270 3520 2427 3571 rem

352 3617 591 3681 totam
626 3608 992 3703 descripta
1023 3608 1264 3704 figura
1293 3632 1652 3706 ponamus
1685 3624 1860 3686 ante
1894 3611 2165 3686 oculos.

459 3720 575 3794 Sit
609 3732 815 3794 recta
838 3720 972 3794 AB
1009 3720 1240 3795 divisa
1286 3720 1626 3796 bifariam
1658 3723 1734 3797 in
1773 3724 1855 3813 C,
1889 3737 1967 3798 et
2011 3724 2233 3798 radiis
2269 3723 2424 3815 AC,

359 3832 486 3906 BC
544 3832 1050 3908 describantur
1117 3834 1263 3909 duo
1323 3834 1579 3909 circuli
1633 3834 1752 3926 FI,
1820 3836 2007 3911 GH:
2081 3847 2427 3934 secetque

356 3957 562 4020 recta
595 3945 725 4019 ΕΙ)
759 3958 1036 4021 rectam
1068 3948 1201 4021 AB
1233 3947 1331 4021 ad
1363 3948 1672 4044 angulos
1705 3960 1944 4023 rectos
1976 3948 2053 4022 in
2091 3948 2173 4025 O.

453 4058 849 4133 Videamus
897 4061 1162 4157 primo,
1197 4085 1537 4158 quaenam
1586 4062 1736 4137 sint
1787 4064 1952 4137 duae
2003 4063 2216 4137 lineae
2262 4084 2426 4157 quae

350 4173 703 4269 angulum
756 4173 1232 4263 constituunt,
1289 4186 1363 4249 et
1420 4199 1587 4269 quae
1643 4174 1809 4250 duae
1863 4176 2215 4272 angulum
2276 4199 2426 4249 non

349 4286 830 4361 constituunt.
933 4286 1187 4361 Rectae
1221 4287 1375 4378 DC,
1424 4287 1545 4361 ΟΕ
1581 4289 1859 4384 absque
1893 4287 2118 4362 dubio
2153 4288 2426 4362 consti-

349 4409 567 4474 tuunt
602 4398 1027 4496 compositae
1061 4423 1285 4474 unam
1330 4411 1610 4475 rectam
1661 4401 1815 4476 DE.
1922 4401 2069 4477 Sed
2101 4426 2199 4477 an
2246 4403 2426 4478 item
