3094 5125
808 516 1445 567 MATHEMA'rlcAE
1491 516 1973 567 nonmRNAE.
2328 503 2425 578 67

295 707 728 756 communes
787 683 1121 756 notiones
1144 688 1187 756 2
1309 684 1505 757 Nam
1562 684 1784 757 etiam
1840 709 2243 756 communes
2300 711 2424 757 no·
2498 715 2798 755 msmcus

301 798 551 869 tiones
629 797 1019 870 axiomata
1084 796 1446 871 dicuntur.
1606 798 1930 872 Axioma
1999 810 2246 871 autem
2316 811 2428 873 est
2623 797 2685 836 ¹¹·
2782 865 2791 878 ,

315 911 609 1000 Latine,
633 909 1131 1008 postulatum.

428 1026 526 1097 A.
582 1024 783 1098 Sunt
851 1047 1106 1097 revera
1166 1035 1478 1120 utraque
1525 1023 1945 1123 postulata.
2061 1024 2429 1098 Differunt

324 1148 584 1210 autem
612 1138 691 1210 in
720 1161 837 1226 eo,
863 1137 1059 1233 quod
1083 1137 1158 1210 in
1187 1137 1436 1211 alteris
1456 1136 1871 1234 postulatur
1890 1139 2427 1236 possesacere‚

327 1249 414 1321 in
447 1250 700 1324 alteris
733 1250 1152 1346 postulatur
1187 1251 1493 1325 concedi
1533 1276 1775 1323 verum
1809 1275 1975 1324 esse
2007 1251 2308 1348 aliquid,
2343 1267 2430 1325 ut

324 1363 660 1453 evidens»,
683 1363 845 1436 sine
879 1363 1525 1438 demonstratione.
1582 1363 1728 1437 Sed
1761 1387 2176 1460 pergamuS.
2229 1365 2426 1438 Defi-

331 1476 657 1550 nitiones
742 1478 1045 1551 secundi
1129 1490 1205 1551 et
1286 1478 1490 1552 tertii
1559 1477 1948 1567 Elementi,
2020 1502 2186 1575 quae
2255 1491 2430 1552 sunt

330 1591 722 1664 nominum
757 1603 1047 1666 tantum
1091 1592 1622 1689 impositiones,
1658 1604 2022 1665 accuratae
2056 1603 2252 1681 sunt,
2288 1594 2431 1666 nisi

328 1704 542 1799 quod
576 1703 910 1779 definitio
954 1720 1221 1803 quarta
1263 1706 1633 1780 Elementi
1684 1706 1886 1779 tertii
1926 1729 2079 1779 non
2120 1705 2215 1777 sit
2251 1705 2430 1778 defi·

333 1818 550 1904 nitio,
585 1817 717 1891 sed
749 1818 1073 1908 axioma,
1108 1820 1259 1893 sive
1294 1819 1705 1916 suppositio
1755 1843 1901 1914 qua
1949 1832 2210 1891 notum
2256 1842 2428 1916 sup-

335 1930 665 2025 ponitur,
735 1932 1083 2005 nimirum
1149 1958 1195 2006 a
1263 1942 1537 2028 puncto
1609 1931 1705 2003 ad
1792 1930 2062 2003 lineam
2146 1945 2428 2004 rectam

336 2044 842 2117 brevissimam
877 2068 1035 2119 esse
1070 2045 1777 2143 perpendicularem.
1906 2043 2264 2116 Similiter
2310 2045 2428 2117 de-

334 2157 712 2231 finitiones
752 2157 1119 2232 Elementi
1154 2157 1420 2255 quarti,
1457 2167 1631 2230 sunt
1660 2155 2041 2229 nominum
2076 2155 2172 2229 ad
2204 2156 2430 2253 placi-

335 2280 501 2342 tum
535 2270 1063 2368 impositioneS,
1103 2271 1415 2367 ideoque
1449 2268 1889 2366 reprehendi
1918 2293 2068 2341 non
2097 2282 2429 2366 possunt.

335 2382 459 2455 Ad
493 2383 961 2457 Elementum
1005 2384 1345 2481 quintum
1392 2382 1722 2457 definitio
1768 2382 2007 2479 prima
2051 2394 2186 2473 est,
2228 2408 2431 2482 pars

331 2506 455 2570 est
499 2496 937 2595 magnitudo
984 2496 1547 2595 magnitudinis,
1605 2498 1845 2571 minor
1890 2497 2221 2593 majoris,
2274 2522 2431 2571 cum

337 2610 581 2683 minor
621 2611 920 2684 metitur
954 2613 1330 2707 majorem.

438 2721 535 2796 B.
593 2723 742 2797 Sed
786 2724 848 2796 si
901 2724 1142 2797 minor
1196 2748 1346 2796 non
1407 2724 1757 2797 metiatur
1814 2725 2190 2819 majorem,
2251 2748 2430 2798 num

338 2836 507 2910 ideo
541 2861 695 2909 non
730 2836 871 2910 erit
905 2836 1096 2910 illius
1130 2835 1354 2934 pars?

434 2950 539 3023 A.
594 2950 778 3022 Erit.
895 2949 1044 3023 Sed
1108 2949 1437 3046 loquitur
1502 2948 1848 3022 Euclides
1906 2950 2048 3022 hoc
2102 2949 2266 3023 loco
2337 2951 2428 3024 de

324 3073 565 3161 parte
625 3062 964 3160 aliquota
984 3092 1015 3148 ;
1087 3063 1168 3136 id
1226 3075 1362 3152 est,
1419 3086 1589 3136 cum
1642 3063 1880 3157 major
1938 3062 2290 3136 dividitur
2350 3064 2429 3137 in

336 3188 588 3273 partes
622 3176 964 3274 aequales,
1000 3176 1290 3249 illarum
1325 3200 1473 3249 una
1512 3176 1673 3248 haec
1718 3174 2175 3270 intelligitur.
2283 3177 2431 3250 Sed

340 3314 509 3364 cum
547 3300 739 3363 esset
773 3290 848 3362 in
897 3290 1306 3386 geometria
1350 3287 1803 3385 loquendum
1857 3312 2049 3384 saepe
2097 3288 2188 3362 de
2239 3314 2431 3362 men-

334 3429 520 3478 sura
558 3414 636 3477 et
668 3403 1228 3493 mensuratione,
1284 3402 1536 3476 deerat
1578 3413 1825 3475 tamen
1861 3402 2220 3475 hactenus
2254 3402 2432 3475 defi-

336 3517 525 3592 nitio
559 3540 946 3591 mensuroe.
1049 3516 1401 3591 Definivit
1433 3527 1725 3613 partem
1759 3539 1891 3612 per
1925 3515 2432 3589 definitionem

335 3654 728 3705 mensurae.
834 3630 1027 3703 Nam
1060 3652 1404 3702 mensura
1436 3638 1552 3701 est
1585 3627 2020 3726 magnitudo
2069 3629 2433 3727 magmitu-

337 3745 562 3834 dinis,
599 3744 839 3816 minor
884 3742 1196 3839 majoris
1227 3740 1348 3815 vel
1385 3766 1528 3815 non
1568 3741 1896 3832 minoris,
1959 3767 2115 3815 cum
2168 3744 2430 3833 minor,

338 3859 492 3956 ipsi
525 3856 918 3956 applicata
950 3855 1176 3928 semel
1204 3855 1324 3929 vel
1338 3854 1662 3954 pluries,
1699 3855 1940 3954 ipsam
1976 3868 2234 3953 oequat.

436 3971 538 4045 B.
592 3971 870 4044 Omnes
938 3968 1234 4066 quidem
1319 3969 1566 4042 omnia
1648 3993 1780 4067 per
1864 3970 2429 4065 applicationem

338 4086 802 4168 metiuntur;
878 4082 954 4155 in
1028 4082 1458 4178 corporibus
1514 4083 2086 4156 consistentibus
2149 4107 2431 4156 mensu-

334 4189 584 4273 randis
639 4194 851 4284 ulna,
931 4194 1298 4284 bracchio,
1348 4196 1547 4293 pede
1597 4207 1955 4278 utuntur;
2024 4197 2102 4268 in
2159 4194 2428 4283 fluidis,

330 4312 657 4388 vasibus.
769 4306 904 4380 Illo
936 4332 1201 4404 nempe
1239 4321 1599 4403 spectant,
1638 4308 1836 4404 quod
1885 4307 2136 4380 dixisti
2182 4332 2426 4403 supra,

322 4427 568 4502 locum
615 4443 989 4498 mensurae
1037 4423 1113 4495 in
1163 4422 1566 4495 mensurati
1628 4422 1791 4495 loco
1848 4420 2135 4516 quoties
2199 4423 2433 4494 conti-

2089 4556 2133 4606 F
2169 4559 2198 4602 2
