3094 5125
685 490 831 568 472
1508 506 1620 558 ΒΕ.
1661 505 1961 557 manns

296 701 335 741 A
341 701 628 742 xxxxxxxx
684 699 925 772 neque
970 676 1571 772 propositionem,
1619 699 1855 772 neque
1903 677 2497 774 consequentiam
2554 676 2805 750 ullam

682 788 942 863 falsam
966 789 1278 885 reperio,
1300 803 1781 886 peccatorum
1810 791 2141 863 omnium
2169 803 2430 864 contra
2455 791 2808 887 logicam

683 901 1206 976 absolvendam
1243 926 1532 976 censen.
1638 903 1898 999 Neque
1958 903 2249 977 illorum
2299 905 2655 1000 regulam
2716 905 2809 977 il-

682 1016 832 1089 lam
890 1027 1270 1114 utcunque
1338 1017 1746 1113 speciosam
1813 1017 2078 1112 legisse
2139 1043 2258 1090 me
2326 1019 2652 1091 memini
2725 1020 2809 1091 in

684 1128 1105 1217 Aristotele,
1144 1152 1380 1226 neque
1414 1131 1491 1203 in
1527 1131 1672 1203 alio
1708 1131 2066 1226 scriptore
2102 1131 2368 1227 logico.

783 1241 1223 1316 Exhibenda
1249 1243 1427 1316 mihi
1460 1244 1688 1339 igitur
1712 1255 1824 1316 est
1852 1244 2383 1317 demonstratio
2416 1243 2812 1341 legitima,

685 1354 812 1427 ubi
880 1369 1339 1452 assumptum
1398 1356 1697 1452 aliquod
1754 1356 1850 1429 ad
1911 1358 2567 1446 constructionem,
2643 1380 2812 1429 nou

686 1483 935 1541 tamen
1005 1468 1400 1542 adhibetur
1457 1469 1555 1542 ad
1624 1469 2352 1543 demonstrationem.
2455 1470 2813 1543 Demon-

687 1583 938 1655 strabo
972 1595 1242 1671 autem,
1279 1584 1552 1679 absque
1587 1583 2012 1656 trisectione
2061 1584 2336 1680 anguli,
2373 1585 2570 1657 inter
2627 1606 2811 1656 rec-

684 1708 838 1769 tam
874 1696 1124 1771 datam
1158 1708 1234 1770 et
1274 1696 1501 1793 ipsius
1551 1696 1920 1770 semissem
1956 1720 2293 1795 quaenam
2330 1698 2478 1770 sint
2512 1696 2812 1771 mediae

685 1809 853 1884 duae
886 1810 1495 1907 proportionales

789 1923 957 1998 Sint
993 1923 1187 1996 datae
1229 1923 1382 2020 (fig.
1422 1922 1525 2017 3.)
1568 1923 1733 1997 duae
1767 1935 1991 1996 rectae
2028 1921 2196 2011 AD,
2225 1923 2383 2013 DV,
2417 1922 2808 1997 facientes

686 2061 912 2111 unam
960 2049 1241 2111 rectam
1272 2038 1431 2111 AV.
1540 2038 1654 2111 Sit
1711 2048 1959 2110 autem
1999 2037 2136 2109 DV
2170 2037 2492 2110 semissis
2548 2037 2806 2135 ipsius

686 2151 825 2224 AD
857 2183 875 2236 ;
928 2152 1204 2247 fiatque
1240 2176 1286 2224 a
1318 2151 1596 2248 majore
1635 2152 1769 2225 AD
1797 2151 2236 2246 quadratum
2274 2152 2563 2225 ABCD.
2671 2152 2801 2224 In·

687 2276 805 2338 ter
825 2264 961 2337 AD
1000 2276 1076 2337 et
1103 2263 1238 2337 DV
1271 2265 1688 2338 inveniatur
1722 2264 1968 2337 media
1996 2265 2571 2361 proportionalis
2609 2266 2797 2347 DE;

688 2378 811 2451 cui
847 2379 921 2451 in
958 2378 1309 2451 lateribus
1334 2377 1481 2466 BC,
1507 2378 1642 2451 AD
1668 2389 1986 2473 ponatur
2011 2377 2312 2472 aequalis
2338 2379 2472 2453 AO
2502 2390 2579 2453 et
2610 2380 2795 2461 BR;

682 2493 1179 2590 jungaturque
1217 2492 1376 2581 RO,
1413 2503 1485 2564 et
1518 2491 1993 2588 producatur.

791 2607 1098 2679 Secetur
1129 2606 1261 2678 DO
1296 2604 1633 2677 bifariam
1670 2605 1745 2677 in
1787 2607 1900 2678 K:
1955 2617 2212 2677 centro
2246 2617 2497 2679 autem
2533 2608 2632 2696 K,
2667 2609 2791 2681 in-

688 2719 992 2792 tervallo
1034 2719 1194 2807 KV,
1219 2718 1675 2791 describatur
1708 2717 2024 2792 circulus
2044 2719 2336 2808 VIMX,
2362 2744 2621 2794 secans
2651 2721 2790 2795 CD

688 2832 767 2903 in
802 2831 900 2919 X,
938 2830 1075 2903 AD
1111 2829 1185 2902 in
1225 2830 1331 2919 M,
1369 2841 1442 2904 et
1480 2831 1615 2905 Ro
1651 2832 2093 2927 productam
2127 2832 2203 2905 in
2242 2834 2302 2906 I.
2409 2832 2791 2908 Quoniam

691 2968 870 3039 ergo
907 2944 1066 3032 RO,
1097 2943 1230 3016 CD
1259 2956 1433 3017 sunt
1465 2945 1858 3041 parallelae,
1896 2945 2148 3042 anguli
2184 2946 2532 3043 deinceps
2565 2947 2660 3020 ad
2717 2948 2788 3021 Ο

690 3070 768 3130 et
805 3057 871 3130 D
907 3070 1081 3130 sunt
1133 3058 1368 3141 recti;
1421 3069 1497 3131 et
1556 3058 1723 3146 DK,
1748 3059 1886 3131 ΚΟ
1924 3059 2289 3154 aequales3
2344 3071 2418 3131 et
2467 3061 2790 3156 proinde

694 3171 918 3252 etiam
953 3170 1129 3259 ΟΜ,
1158 3170 1295 3243 DV
1344 3170 1685 3267 aequales,
1787 3170 2134 3266 AEquales
2189 3171 2367 3244 item
2414 3185 2584 3246 sunt
2640 3174 2781 3260 IK,

697 3283 888 3366 KX;
941 3296 1019 3356 et
1086 3272 1208 3356 IX'
1267 3284 1628 3357 diameter
1693 3284 1950 3357 circuli
2016 3285 2308 3374 VIMX,
2378 3286 2785 3384 eademque

695 3395 997 3493 aequalis
1033 3411 1257 3471 rectae
1293 3398 1466 3471 MV.
1573 3398 1832 3493 Itaque
1869 3398 2109 3471 ductis
2143 3401 2364 3473 rectis
2398 3401 2564 3490 VX,
2590 3402 2780 3490 XM,

698 3513 843 3599 ΜΙ,
867 3512 995 3598 IV,
1032 3512 1174 3585 erit
1226 3512 1491 3585 VIMX
1561 3512 2070 3608 rectangulum
2100 3541 2118 3584 ε
2198 3525 2272 3585 et
2342 3526 2494 3588 tres
2554 3527 2782 3589 rectae

697 3627 877 3712 DM,
919 3625 1087 3713 DX,
1131 3625 1268 3699 DV
1337 3627 1685 3699 continue
1752 3626 2368 3721 proportionales,
2507 3626 2782 3701 Divisis

696 3756 944 3813 autem
980 3739 1163 3821 MX,
1187 3738 1290 3811 IV
1315 3738 1653 3812 bifariam
1688 3738 1761 3811 in
1800 3738 1856 3810 Z
1891 3750 1965 3811 et
2000 3739 2083 3822 L.
2113 3738 2336 3812 ducta
2361 3741 2482 3813 ZL
2513 3741 2784 3814 transi-

696 3854 807 3927 bit
838 3877 972 3949 per
1008 3854 1121 3936 K;
1175 3863 1251 3925 et
1284 3850 1561 3925 secabit
1610 3863 1771 3925 tum
1806 3850 1967 3923 MX
2001 3863 2163 3925 tum
2200 3851 2303 3926 IV
2338 3852 2435 3926 ad
2467 3854 2782 3952 angulos

695 3980 963 4040 rectos.

798 4080 885 4152 In
913 4091 1118 4152 recta
1152 4080 1259 4152 IK
1297 4089 1628 4151 sumatur
1664 4077 1757 4150 IP
1790 4077 2090 4173 aequalis
2124 4077 2284 4152 DV.
2405 4079 2567 4153 Erit
2601 4105 2781 4176 ergo

700 4193 978 4289 reliqua
1012 4193 1141 4266 PX
1177 4192 1474 4290 aequalis
1512 4191 1691 4278 DM,
1730 4203 1806 4263 et
1842 4191 1968 4264 PK
2004 4191 2303 4286 aequalis
2357 4193 2542 4266 DK:
2598 4195 2780 4268 item

697 4307 831 4381 LK
868 4306 1143 4380 secabit
1178 4306 1528 4401 angulum
1568 4304 1768 4379 DKP
1793 4304 2152 4378 bifariam.
