3094 5125
651 1080 1511 1165 PROBLEMATA
1598 1079 1769 1163 PH
1787 1077 2160 1163 YSICA.

792 1670 1348 1723 PROBLEMATA
1386 1673 1494 1723 DE
1536 1670 2034 1723 GRAVITATE.

472 1797 564 1871 A.
620 1800 1067 1875 QUAMNAM
1128 1812 1345 1896 putas
1406 1823 1563 1872 esse
1615 1822 1827 1895 posse
1889 1822 2210 1886 causam,
2255 1797 2452 1892 quod
2578 1837 2712 1878 cu.
2745 1837 2784 1876 ι,

374 1912 650 2009 lapides
685 1913 970 2008 aliaque
996 1936 1308 2009 corpora
1341 1912 1720 1985 terrestria
1753 1912 1829 1984 in
1857 1912 2085 1984 altum
2124 1912 2456 2007 projecta
2513 1903 2828 2022 m,

375 2027 525 2099 sive
560 2040 837 2116 evecta,
874 2039 950 2100 et
985 2028 1156 2101 dein
1209 2027 1545 2115 demissa,
1594 2025 1691 2099 ad
1741 2038 2017 2099 terram
2049 2048 2300 2097 rursus
2333 2024 2456 2097 de·

374 2141 757 2229 scendunt,
819 2140 1038 2237 idque
1113 2140 1501 2236 (quantum
1571 2138 1870 2232 scimus)
1945 2162 2078 2211 sua
2137 2149 2399 2234 sponte
2429 2136 2454 2208 Ρ

376 2252 718 2342 Credere,
775 2277 945 2326 cum
997 2253 1449 2352 philosophis
1510 2252 1853 2348 antiquiS,
1913 2252 2113 2348 quod
2181 2263 2457 2324 terram

373 2379 624 2440 ament
657 2368 773 2439 vel
808 2378 1183 2463 appetant,
1218 2390 1369 2439 non
1404 2390 1748 2463 possum:
1803 2389 2040 2461 neque
2089 2364 2287 2460 quod
2329 2388 2461 2462 per

375 2481 912 2553 contumaciam
947 2482 1290 2578 aliquam,
1328 2480 1744 2554 desinentes
1771 2479 2141 2576 progredi,
2167 2500 2463 2551 manere

377 2606 626 2667 tamen
660 2594 938 2678 nolint;
993 2619 1161 2667 cum
1197 2607 1359 2668 tota
1392 2595 1608 2668 tellus
1635 2593 1977 2667 fluctuari
2012 2594 2086 2665 in
2109 2616 2276 2665 aere
2310 2615 2463 2664 non

380 2706 840 2802 dedignetur.
893 2708 1395 2781 Veruntamen
1428 2709 1504 2781 in
1540 2731 1708 2781 aere
1744 2707 1927 2779 nihil
1962 2729 2201 2801 neque
2222 2704 2461 2794 vide0,

378 2842 617 2914 neque
652 2819 1036 2915 imaginari
1062 2844 1381 2916 possum,
1411 2820 1606 2916 quod
1640 2819 1767 2892 illa
1799 2817 2117 2914 dejiciat.

478 2932 576 3005 B.
632 2932 944 3006 Causam
978 2933 1359 3030 gravitatis
1394 2934 1468 3006 in
1495 2934 1831 3030 appetitu
1855 2933 2239 3021 collocare,
2269 2931 2464 3004 insa-

379 3069 556 3118 num
629 3058 764 3119 est.
882 3046 1239 3119 Homines
1299 3047 1520 3134 enim,
1578 3047 1769 3120 sicut
1829 3056 2099 3118 caetera
2157 3067 2466 3140 corpora

379 3159 655 3255 gravia,
693 3160 786 3232 ab
822 3161 971 3233 alto
1007 3161 1418 3234 necessario
1454 3160 1595 3234 nisi
1631 3159 2133 3233 sustineantur
2154 3158 2462 3231 cadunt:

380 3285 459 3346 et
494 3297 670 3346 casu
710 3273 941 3369 (quod
974 3285 1221 3347 tamen
1272 3274 1570 3347 minime
1625 3274 2013 3369 appetunt)
2076 3270 2467 3368 aliquando

382 3399 716 3482 pereunt.
822 3387 1141 3460 Necesse
1199 3410 1377 3483 ergo
1440 3398 1576 3475 est,
1613 3398 1697 3459 ut
1748 3385 2022 3481 gravia,
2078 3397 2468 3482 postquam

383 3512 626 3573 motus
662 3524 806 3596 quo
854 3500 1344 3595 projiciuntur
1377 3499 1747 3572 extinctus
1782 3497 1898 3586 sit,
1936 3510 2064 3571 aut
2098 3510 2466 3587 maneant,

385 3624 515 3685 aut
548 3613 642 3684 ab
677 3635 844 3684 aere
872 3623 1071 3685 moto
1107 3611 1201 3684 ad
1237 3623 1509 3685 terram
1544 3612 1980 3686 referantur.
2085 3611 2278 3684 Nam
2305 3634 2468 3683 cor-

384 3747 523 3818 pus
571 3748 786 3796 omne
836 3724 1032 3820 quod
1087 3723 1418 3820 quiescit,
1457 3725 1632 3798 novi
1686 3736 1928 3797 motus
1982 3724 2269 3796 initium
2331 3722 2470 3795 sibi

386 3835 526 3930 ipsi
562 3835 736 3908 dare
772 3860 922 3909 non
976 3847 1243 3933 potest.
1349 3836 1803 3909 Probabilius
1858 3860 2036 3932 ergo
2093 3835 2275 3908 nihil
2330 3845 2467 3917 est,

390 3971 613 4042 quam
648 3947 845 4044 quod
881 3961 1125 4021 motus
1166 3949 1428 4045 aliquis
1481 3950 1621 4046 ipsi
1676 3949 1922 4022 telluri
1979 3948 2174 4037 insit,
2218 3948 2471 4044 (quem

388 4061 744 4149 homineS‚
779 4073 1171 4157 propterea
1205 4062 1405 4158 quod
1440 4074 1657 4135 terrae
1690 4062 2059 4148 insistunt,
2097 4061 2470 4157 percipere

388 4197 538 4246 non
576 4178 944 4269 possunt),
984 4198 1129 4269 quo
1166 4200 1411 4248 aerem
1442 4175 1728 4248 facilius
1763 4199 1808 4246 a
1844 4199 1919 4247 se
1965 4175 2205 4269 rejicit
2250 4196 2473 4268 quam

391 4298 663 4359 caetera
718 4310 1053 4381 corpora.
1159 4289 1329 4361 Hoc
1377 4288 1571 4360 enim
1635 4288 2039 4383 supposito,
2087 4297 2162 4359 et
2210 4296 2470 4382 praete-

390 4423 518 4473 rea
548 4399 746 4498 quod
781 4399 984 4472 locus
1019 4424 1325 4497 corpore
1352 4424 1624 4475 vacuus
1651 4400 1893 4472 nullus
1922 4400 2039 4490 sit,
2075 4399 2474 4473 necessitas

592 4535 781 4588 vol„
820 4534 934 4587 1v.
2215 4536 2273 4585 x
