3094 5125
952 511 1509 564 PnoBLEMA‘rA
1547 510 1930 593 PflYsmA.
2331 497 2478 563 353

400 678 776 767 terminos,
811 679 951 752 etsi
985 680 1172 753 alter
1195 679 1506 753 alterum
1540 702 1690 752 non
1716 686 2147 766 removeret,
2170 686 2480 775 uterque
2565 703 2701 745 cn.
2732 703 2841 745 vn.

400 804 648 865 tamen
675 792 1037 866 inveniret
1064 794 1140 865 in
1163 794 1402 889 seipso
1424 791 1912 890 aptitudinem
1940 790 2115 864 satis
2138 814 2480 886 magnam
2508 832 2576 876 D,
2600 836 2723 875 mom
2756 844 2853 888 per-

399 904 931 993 retrocedendi,
969 915 1192 1001 atque
1227 906 1447 977 etiam
1476 903 1919 1000 reprimendi
1946 902 2291 999 quicquid
2325 927 2479 977 cor·
2505 896 2793 955 Wffifflffl’
2821 899 2907 940 ⁰¹⁰·

399 1018 599 1113 poris
662 1042 706 1089 a
766 1030 976 1113 tergo
1033 1030 1167 1091 est.
1272 1018 1470 1091 Talis
1525 1030 1638 1091 est
1697 1028 1963 1090 natura
2009 1016 2479 1106 reflectioniS,

402 1144 756 1227 quantum
796 1133 1065 1206 attinet
1121 1133 1218 1206 ad
1262 1132 1532 1206 lumen.
1635 1132 1802 1205 Jam
1851 1131 1915 1202 si
1965 1130 2153 1203 radii
2209 1130 2481 1204 solares

402 1245 695 1341 oblique
730 1246 1084 1334 incidant,
1121 1250 1314 1320 actio
1354 1258 1596 1321 tamen
1636 1255 1746 1319 est
1780 1243 1876 1318 ad
1909 1243 2367 1340 superficiem
2402 1244 2483 1317 in

402 1382 620 1455 quam
648 1358 985 1433 incidunt
1017 1359 1667 1457 perpendicularis,
1757 1358 2016 1453 Itaque
2050 1357 2293 1453 paries
2328 1357 2482 1430 sive

405 1495 669 1567 corpus
730 1472 1217 1569 quodcunque
1276 1472 1683 1561 reflectenS,
1732 1470 2139 1544 resistendo
2198 1481 2483 1544 motum

405 1584 610 1657 illum
653 1586 1080 1659 retrovertit
1121 1584 1848 1682 perpendiculariter,
1895 1594 1978 1656 ut
2021 1583 2116 1657 ab
2161 1585 2218 1655 F
2250 1582 2346 1656 ad
2377 1584 2481 1657 E:

406 1699 536 1773 sed
569 1724 616 1772 a
647 1699 720 1773 vi
767 1724 933 1797 quae
968 1712 1081 1774 est
1125 1701 1203 1774 in
1249 1701 1599 1799 parallela
1640 1725 1772 1797 per
1808 1701 1986 1791 ΕΗ,
2024 1700 2196 1798 quia
2240 1712 2484 1774 motus

404 1813 527 1888 ille
560 1814 918 1910 parietem
951 1838 1101 1887 non
1135 1815 1428 1911 premit,
1463 1814 1648 1888 nihil
1694 1813 1957 1888 aufert.
2062 1814 2306 1910 Atque
2341 1814 2483 1887 hoc

405 1939 624 2024 pacto
660 1925 807 2000 duo
839 1928 945 2000 illi
993 1939 1256 2016 motus,
1291 1951 1604 2025 quorum
1647 1927 1833 1999 alter
1876 1935 1987 1999 est
2030 1926 2123 1999 ab
2167 1928 2225 1999 F
2267 1927 2363 1999 ad
2394 1928 2481 2016 E,

319 2116 322 2121 ,
406 2040 591 2114 alter
623 2041 715 2113 ab
750 2041 812 2113 E
847 2040 942 2113 ad
978 2041 1077 2127 H,
1114 2051 1570 2137 componunt
1600 2064 1829 2113 unum
1863 2049 2144 2114 motum
2180 2040 2253 2112 in
2281 2050 2487 2113 recta

407 2155 582 2242 GH,
620 2178 783 2251 quae
814 2154 995 2227 facit
1040 2156 1389 2252 angulum
1438 2180 1611 2228 oum
1649 2154 1786 2227 BG
1820 2154 2172 2250 aequalem
2209 2153 2481 2249 angulo

405 2267 824 2341 incidentiae
860 2269 1086 2342 FGE.

509 2380 659 2454 Sed
690 2382 768 2454 in
804 2383 1298 2477 percussione,
1335 2381 1570 2477 qualis
1599 2393 1710 2454 est
1745 2393 1987 2455 motus
2019 2380 2189 2477 pilae
2226 2391 2486 2453 contra

407 2494 795 2591 parietem,
835 2519 1056 2593 quam
1091 2496 1411 2593 primum
1459 2495 1611 2593 pila
1655 2495 2167 2593 repercutitur,
2203 2506 2490 2591 partem

408 2608 817 2681 velocitatis
876 2632 1028 2682 suae
1084 2610 1380 2695 amittit,
1436 2621 1839 2706 vergetque
1886 2609 1981 2682 ad
2033 2620 2315 2681 terram.
2355 2632 2489 2682 suo

408 2720 756 2816 pondere.
861 2721 975 2794 Ita
1011 2734 1092 2794 ut
1137 2721 1390 2817 anguli
1424 2745 1607 2817 quos
1638 2722 1918 2795 faciunt
1973 2721 2379 2795 incidentes
2415 2732 2491 2794 et

410 2834 844 2929 repercussi,
895 2834 1207 2930 aequales
1255 2858 1412 2907 esse
1463 2858 1616 2909 non
1665 2835 1971 2932 possint,
2008 2836 2151 2908 nisi
2199 2858 2493 2909 mensu-

411 2957 667 3019 rentur
723 2969 953 3043 prope
1012 2958 1372 3043 punctum
1430 2947 1732 3042 parietis
1786 2949 1862 3019 in
1919 2970 2066 3042 quo
2122 2948 2325 3021 facta
2378 2957 2493 3020 est

410 3081 804 3155 percuss1o.

512 3172 611 3246 A.
666 3171 744 3244 Si
780 3171 1030 3244 tabula
1064 3171 1388 3267 erigatur
1426 3194 1646 3268 super
1678 3172 1978 3268 planum
2014 3172 2334 3268 aliquod,
2358 3174 2497 3247 etsi

415 3287 631 3383 dejici
687 3285 903 3359 facile
957 3298 1205 3382 potest
1264 3284 1486 3357 etiam
1536 3309 1581 3357 a
1627 3286 1782 3358 solo
1845 3284 2077 3381 digito
2135 3288 2494 3381 pressus*,

412 3401 562 3496 pila
582 3413 826 3473 tamen
864 3424 909 3472 a
942 3379 1359 3495 musquetto
1386 3422 1549 3471 eam
1579 3423 1727 3472 non
1765 3398 2067 3495 dejiciet,
2095 3399 2225 3472 sed
2259 3412 2498 3474 trans-

417 3514 694 3609 adiget.
801 3512 1046 3588 Quam
1082 3514 1177 3585 ob
1213 3510 1559 3585 causam?

520 3627 617 3699 B.
672 3627 867 3700 Dum
903 3627 1228 3700 tabulam
1282 3625 1516 3722 digito
1567 3624 1823 3720 dejicis
1883 3637 2172 3723 tempus
2228 3650 2493 3700 consu-

417 3740 665 3828 mitur,
701 3739 878 3813 dum
911 3754 1180 3829 motuS‚
1220 3763 1436 3835 quem
1490 3739 1687 3836 parti
1733 3739 2088 3835 imprimis
2124 3764 2340 3836 quam
2388 3739 2499 3811 di-

419 3854 577 3948 gito
617 3852 882 3949 tangis,
922 3854 1207 3927 caeteris
1242 3853 1577 3950 partibus
1605 3853 1942 3926 omnibus
1976 3853 2501 3927 communicari

420 3965 676 4060 possit.
779 3965 1074 4062 Alioqui
1109 3966 1305 4039 enim
1342 3989 1490 4038 non
1526 3965 1957 4062 dejicietur:
1996 3979 2236 4038 totum
2274 3966 2496 4055 enim,

420 4077 563 4149 nisi
630 4077 969 4151 omnibus
1036 4080 1368 4174 partibus
1429 4079 1671 4165 motiS‚
1734 4079 1950 4174 dejici
2013 4103 2162 4152 non
2230 4089 2497 4176 potest.

424 4190 597 4262 Pilae
631 4203 878 4263 autem
912 4193 1281 4287 percussio
1317 4205 1525 4265 tanta
1557 4193 1645 4265 fit
1670 4193 2066 4283 celeritate,
2092 4205 2180 4266 ut
2213 4204 2501 4289 partem

1065 4442 1097 4473 *
1140 4444 1237 4503 Sic
1265 4445 1403 4502 edit.
1441 4446 1591 4502 1662
1620 4456 1680 4503 et
1716 4448 1885 4503 1668.

629 4557 816 4611 VOL.
856 4560 968 4611 lv.
2160 4562 2211 4612 A
2248 4563 2301 4613 A
