3094 5125
656 482 802 547 220
1088 494 1625 547 ΕΧΑΜῙΝΑΤῙΟ
1668 495 1768 547 ΕΤ
1809 495 2305 547 ΕΜΕΝΒΑΤῙΟ

273 686 574 728 manneus
653 654 713 727 F
717 690 758 727 σ
793 658 888 731 sit
921 658 1017 731 ad
1051 659 1404 755 reliquam
1432 672 1516 732 ut
1547 669 1588 732 5
1621 659 1714 732 ad
1745 669 1813 749 3,
1845 674 1927 732 ut
1961 661 2046 733 fit
2070 661 2148 734 in
2170 661 2734 757 semiparabola;

274 836 283 849 ,
382 768 460 807 vx.
651 796 788 844 nec
824 773 1114 861 mirum,
1153 797 1321 846 cum
1366 774 1554 846 ratio
1595 774 1806 847 solidi
1853 776 2207 869 propositi
2244 776 2340 848 sit
2374 776 2471 848 ad
2522 800 2734 849 suum

649 885 1267 980 complementum
1303 886 1558 960 eadem
1586 911 1748 983 quae
1783 888 1984 983 plani
2020 889 2604 985 semiparabolici
2637 890 2736 964 ad

647 1002 1262 1097 complementum
1290 1025 1523 1074 suum.
1616 1001 1984 1074 Caeterum
2020 1001 2164 1075 BD
2193 1027 2343 1076 non
2380 1003 2733 1076 dividitur

646 1113 722 1186 in
761 1123 805 1185 3
842 1114 937 1187 ad
971 1123 1043 1201 2,
1093 1127 1177 1186 ut
1238 1114 1595 1187 diameter
1664 1116 2239 1210 semiparabolae.
2344 1116 2567 1212 Cujus
2620 1118 2730 1190 rei

645 1252 939 1300 causam
975 1252 1123 1302 non
1160 1227 1399 1301 video,

745 1342 843 1414 A.
898 1342 1161 1438 Neque
1198 1366 1378 1437 ego;
1433 1340 1562 1413 sed
1600 1365 1835 1436 neque
1863 1365 2091 1436 quare
2117 1342 2223 1414 ita
2250 1365 2407 1414 esse
2436 1342 2723 1415 debeat.

642 1455 753 1527 Ex
788 1456 901 1542 iis,
939 1479 1105 1548 quae
1157 1454 1659 1527 demonstrata
1693 1468 1865 1526 sunt
1902 1453 1992 1526 de
2049 1455 2331 1527 ratione
2365 1456 2725 1551 propositi

643 1569 877 1658 solidi,
905 1569 1083 1642 facti
1117 1592 1161 1640 a
1196 1568 1671 1640 conversione
1717 1568 1873 1661 ejus
1908 1567 2105 1639 circa
2138 1567 2386 1640 basem
2423 1566 2481 1638 F
2497 1567 2590 1655 D,
2625 1567 2724 1641 ad

640 1683 956 1755 solidum
977 1682 1252 1754 factum
1276 1705 1320 1752 a
1355 1680 1572 1752 simili
1600 1680 2078 1752 conversione
2113 1680 2522 1776 rectanguli
2545 1678 2717 1771 DG,

637 1809 713 1869 et
749 1795 841 1868 de
877 1796 1145 1868 centris
1180 1794 1562 1891 gravitatis
1606 1793 1955 1889 ipsorum,
1993 1793 2380 1866 methodus
2415 1806 2718 1890 apparet

634 1909 1050 1981 inveniendi
1073 1908 1436 1983 rationem
1473 1907 1688 1979 solidi
1710 1907 1890 1979 facti
1911 1931 1954 1979 a
1977 1908 2453 1980 conversione
2481 1910 2718 2003 cujus-

631 2023 810 2096 libet
844 2024 1073 2119 partis
1109 2024 1266 2118 ejus
1300 2022 1639 2095 abscissae
1669 2046 1713 2093 a
1732 2021 2080 2116 parallela
2102 2022 2509 2095 altitudinis
2537 2046 2714 2117 qua-

629 2160 941 2231 cunque.
1047 2136 1239 2208 Nam
1297 2135 1358 2207 si
1405 2135 1704 2231 planum
1767 2133 2189 2229 cycloidale,
2249 2136 2456 2229 cujus
2519 2136 2712 2208 basis

632 2249 976 2346 (exempli
1013 2251 1261 2339 causa)
1304 2261 1417 2319 est
1455 2248 1522 2319 A
1514 2246 1603 2342 f,
1656 2259 2131 2318 convertatur
2185 2272 2402 2342 super
2462 2249 2710 2320 basem

624 2387 830 2435 suam
866 2363 933 2434 A
926 2361 1013 2457 f,
1064 2372 1270 2434 recta
1295 2360 1593 2457 quidem
1628 2360 1771 2431 AB
1808 2359 2173 2432 describet
2225 2361 2708 2456 quadrantem

622 2476 1014 2571 integrum,
1070 2473 1367 2570 reliquae
1419 2484 1664 2543 autem
1703 2472 1841 2567 ipsi
1891 2472 2257 2568 parallelae
2294 2474 2708 2547 describent

618 2612 832 2660 arcus
867 2587 1357 2684 quadrantum
1386 2587 1708 2658 minores
1744 2609 2030 2682 semper
2053 2588 2128 2659 in
2159 2589 2444 2660 ratione
2480 2590 2708 2661 arith-

614 2701 907 2790 metica,
945 2701 1178 2773 donec
1233 2700 1310 2772 in
1364 2710 1640 2796 puncto
1669 2699 1751 2794 f
1779 2699 2234 2773 describatur
2285 2702 2489 2774 nihil.
2592 2703 2704 2775 Ex

615 2839 783 2910 qu0‚
813 2826 895 2887 ut
922 2824 1117 2902 ante,
1141 2814 1496 2887 inferetur
1518 2813 1827 2885 solidum
1855 2813 2136 2885 factum
2158 2839 2202 2887 a
2228 2817 2701 2890 conversione

611 2928 812 3024 plani
860 2927 1282 3024 cycloidalis
1332 2928 1472 3000 AB
1467 2927 1547 3025 f
1601 2950 1818 3022 super
1876 2929 2125 3000 basem
2185 2931 2249 3001 Α
2245 2929 2334 3024 f,
2398 2929 2699 3024 duplum

612 3064 768 3114 esse
807 3041 1020 3114 solidi
1073 3041 1270 3137 quod
1318 3041 1404 3114 fit
1438 3064 1483 3112 a
1537 3039 1755 3112 simili
1816 3041 2292 3114 conversione
2350 3043 2695 3139 trianguli

580 3155 662 3250 f
672 3155 739 3226 A
755 3154 839 3226 B.
944 3154 1419 3250 cognitisque
1458 3150 2046 3246 magnitudinum
2099 3153 2530 3245 rationibus»,
2585 3157 2696 3229 in-

607 3267 1018 3358 venientur,
1057 3279 1141 3340 ut
1175 3279 1373 3355 ante,
1411 3288 1666 3338 eorum
1703 3278 1958 3338 centra
1989 3268 2400 3361 gravitatis.

1290 3488 1790 3542 PROPOSITIO
1829 3490 2016 3542 xxl.

710 3606 1038 3680 Solidum
1091 3607 1368 3680 factum
1419 3631 1464 3679 a
1518 3607 1998 3680 conversione
2068 3610 2479 3706 rectanguli
2537 3610 2693 3687 DG

604 3744 738 3817 per
793 3720 1275 3816 quadrantem
1333 3719 1612 3807 circuli,
1676 3718 1872 3792 circa
1935 3719 2376 3795 diametrum
2436 3724 2692 3796 circuli

604 3834 959 3930 genitoris
1029 3832 1199 3923 DB,
1264 3834 1462 3928 (quae
1519 3845 1634 3906 est
1691 3832 2002 3928 cylindri
2066 3835 2294 3907 totius
2354 3837 2458 3909 sic
2514 3837 2691 3911 facti

604 3948 976 4041 altitudo),
1046 3961 1157 4020 est
1217 3946 1310 4019 ad
1380 3946 1693 4019 solidum
1756 3946 2035 4019 factum
2097 3972 2143 4020 a
2211 3951 2688 4023 conversione

604 4063 930 4158 ejusde'm
966 4059 1375 4155 rectanguli
1411 4056 1562 4134 DG
1595 4060 1792 4132 circa
1818 4072 2097 4133 rectam
2129 4060 2299 4151 DF,
2344 4063 2537 4158 (quae
2574 4076 2687 4136 est

603 4175 916 4271 cylindri
951 4175 1165 4270 hujus
1200 4173 1576 4265 altitudo),
1629 4184 1711 4246 ut
1764 4172 1906 4245 DF
1961 4174 2057 4250 ad
2112 4175 2306 4248 iuius
2356 4176 2687 4249 altitudi-

602 4311 771 4360 nem
807 4287 976 4361 DB.

704 4401 894 4473 Sunt
928 4402 1121 4474 enim
1160 4399 1471 4499 cylindri
1504 4399 1696 4473 inter
1731 4423 1808 4472 se
1843 4399 1919 4471 in
1954 4400 2240 4473 ratione
2276 4402 2685 4497 composita
