3094 5125
641 469 789 534 240
1297 485 1402 535 DE
1442 484 1785 537 NATURA
1825 484 2095 536 Annis.

638 650 861 723 iidem
890 652 1362 739 confitentur,
1393 663 1469 724 et
1514 650 1609 723 ad
1645 650 2086 724 sententiam
2116 661 2321 722 tuam
2378 649 2468 723 de
2519 662 2727 724 motu

639 787 771 861 per
825 787 1043 861 quem
1099 765 1187 836 fit
1247 763 1454 851 visio,
1511 765 1865 838 accedere
1921 763 2308 860 incipiunt.
2413 764 2606 837 Nam
2652 764 2728 836 in

644 877 1013 950 Societate
1035 890 1291 950 nostra
1323 880 1538 974 pauci
1577 890 1748 952 sunt
1785 878 1909 974 qui
1935 878 2151 951 aliter
2178 877 2528 951 sentiunt.

745 995 843 1068 A.
899 997 1258 1069 Quaenam
1282 1009 1395 1069 est
1419 997 1545 1069 illa
1582 997 1909 1069 Societas
1944 994 2236 1068 vestra?

742 1106 835 1181 B.
890 1108 1201 1181 Circiter
1259 1109 1793 1205 quinquaginta
1845 1108 1986 1181 viri
2045 1107 2490 1204 philosophi,
2553 1107 2729 1181 doc-

640 1221 837 1294 trina
889 1233 966 1293 et
1025 1220 1323 1316 ingenio
1376 1222 1693 1294 maxime
1746 1221 2146 1316 conspicui,
2183 1221 2727 1294 constituerunt

640 1335 832 1407 inter
866 1357 944 1406 se
980 1333 1287 1429 singulis
1345 1335 1773 1431 septimanis
1829 1335 2223 1407 convenire
2281 1334 2360 1407 in
2398 1333 2724 1429 Collegio

641 1447 1154 1520 Greshamensi
1190 1448 1283 1520 ad
1309 1447 1888 1543 promovendam
1943 1447 2483 1544 philosophiam
2517 1460 2727 1520 natu-

636 1560 887 1633 ralem.
995 1560 1141 1633 Ubi
1178 1574 1535 1657 quantum
1572 1562 1879 1657 quisque
1915 1560 2011 1634 ad
2067 1585 2230 1634 eam
2282 1585 2440 1634 rem
2504 1561 2726 1634 habet

636 1673 753 1747 vel
789 1672 1284 1768 experientiae,
1324 1676 1438 1747 vel
1474 1675 1680 1763 artiS,
1713 1675 1829 1747 vel
1887 1675 2385 1764 instrumenti,
2434 1687 2724 1747 tantum

639 1786 1065 1861 contribuit.
1148 1787 1437 1860 Quibus
1470 1789 1693 1861 rebus
1717 1800 1794 1860 et
1819 1811 2012 1860 nova
2040 1786 2489 1882 deteguntur
2521 1788 2721 1884 phae·

638 1924 977 1989 nomena,
1034 1912 1109 1974 et
1168 1925 1415 1974 rerum
1470 1901 1920 1975 naturalium
1977 1925 2217 1975 causae
2269 1901 2554 1974 facilius
2613 1902 2723 1973 in-

638 2015 1056 2089 veniuntur.

740 2127 839 2200 A.
896 2126 1047 2200 Cur
1078 2128 1275 2200 viros
1306 2128 1487 2201 dicis
1517 2128 2056 2224 quinquaginta
2093 2127 2117 2199 ?
2174 2128 2445 2201 Nonne
2480 2139 2723 2224 potest

639 2241 943 2337 quilibet
971 2240 1154 2312 alius
1180 2239 1435 2314 adesse
1470 2242 1597 2337 qui
1631 2240 1813 2329 vult,
1850 2241 2478 2330 convenientibus,
2515 2252 2720 2336 puto,

637 2355 714 2426 in
758 2354 924 2425 loco
958 2352 1251 2448 publico
1283 2384 1301 2436 ;
1356 2368 1431 2426 et
1467 2377 1690 2450 super
1723 2354 1895 2426 visis
1931 2355 2451 2450 experimentis
2487 2378 2719 2443 suam,

640 2491 844 2564 aeque
880 2490 965 2538 ac
1003 2465 1131 2553 illi,
1155 2466 1596 2539 sententiam
1634 2466 1928 2539 dicere?

744 2577 840 2651 B.
895 2579 1226 2650 Minime.

739 2692 839 2764 A.
896 2691 1064 2764 Quo
1104 2693 1270 2786 jure
1303 2690 1851 2786 prohibebunt?
1954 2695 2168 2766 Anne
2230 2695 2556 2768 Societas
2599 2694 2722 2767 illa

640 2805 1047 2878 constituta
1082 2816 1193 2877 est
1229 2805 1630 2902 diplomate
1664 2807 2008 2903 publico?

736 2919 833 2990 B.
891 2918 1061 2991 Non
1096 2919 1437 2994 arbitror.
1511 2921 1659 2994 Sed
1693 2923 1900 2995 locus
1934 2922 2061 2994 ubi
2090 2922 2538 2996 conveniunt
2567 2948 2716 2997 non

640 3043 756 3104 est
787 3032 1145 3127 publicus.

741 3145 838 3217 A.
895 3145 1095 3241 Ergo
1152 3146 1213 3218 si
1257 3146 1552 3221 domino
1599 3149 1742 3221 loci
1787 3149 2169 3244 placuerit,
2208 3173 2300 3222 ex
2364 3151 2714 3248 quinqua·

636 3258 849 3354 ginta
882 3260 1066 3331 fient
1092 3261 1554 3334 centumviri.

742 3372 838 3445 B.
895 3374 1254 3461 Fortasse,
1293 3377 1422 3449 sed
1457 3376 1892 3448 nobilissimi
1946 3376 2457 3474 utilissimique
2513 3378 2717 3450 insti·

636 3488 777 3561 tuti
811 3487 1047 3583 gloria
1077 3501 1275 3561 certe
1312 3500 1387 3561 et
1419 3489 1661 3585 gratia
1696 3489 2083 3562 debebitur
2108 3490 2221 3562 his
2256 3491 2530 3586 primis.

736 3599 834 3671 A.
889 3600 1002 3673 Ita
1039 3612 1262 3685 certe,
1297 3602 1564 3698 siquid
1596 3603 2014 3675 invenerint
2056 3604 2252 3699 quod
2316 3604 2411 3677 sit
2462 3604 2717 3700 generi

632 3714 980 3804 humano,
1018 3714 1132 3786 vel
1167 3716 1448 3810 patriae,
1490 3716 1643 3789 sive
1705 3717 1801 3789 ad
1853 3716 2352 3789 defensionem
2410 3718 2560 3789 sive
2621 3716 2717 3789 ad

635 3838 1149 3900 ornamentum
1184 3826 1571 3923 insigniter
1591 3829 1773 3902 utile
1804 3860 1821 3912 ;
1859 3829 2124 3925 alioqui
2152 3841 2717 3903 contemnentur

632 3954 710 4013 et
743 3941 872 4029 illi,
911 3950 986 4012 et
1018 3949 1320 4035 propter
1345 3941 1505 4014 illos
1539 3942 1700 4038 ipsa
1731 3942 2213 4039 philosophia.

731 4052 823 4125 B.
884 4053 1341 4150 Sperandum
1394 4066 1599 4127 certe
1647 4067 1759 4128 est
1807 4053 2087 4150 aliquid
2145 4055 2291 4128 tale
2348 4057 2717 4153 excogita-

631 4177 836 4239 turos
858 4190 1013 4239 esse
1048 4167 1207 4252 hos,
1244 4177 1373 4239 aut
1410 4166 1500 4238 de
1522 4167 1833 4239 scientia
1866 4168 2180 4241 naturali
2217 4169 2524 4242 ulterius
2552 4169 2715 4242 des-

628 4280 1059 4375 perandum.
1116 4280 1483 4354 Caeterum
1505 4280 1956 4371 conantium,
1984 4305 2398 4380 quanquam
2418 4281 2713 4371 frustra,

629 4392 997 4469 laudanda
1032 4406 1144 4468 est
1178 4395 1539 4469 voluntas
