3094 5125
1276 511 1385 564 An
1426 512 1740 565 naemu.
2514 499 2650 565 301

379 700 764 798 decunque
797 705 1183 802 arripiunt,
1207 709 1660 803 perturbata.
1739 707 2046 798 Deinde,
2083 731 2299 805 quem
2335 705 2659 780 studium

377 850 683 925 Naturae
710 851 1048 929 delectat.
1153 857 1536 947 Praeterea,
1573 858 1697 954 qui
1724 857 2225 954 experimenta
2257 857 2349 930 de
2395 858 2658 954 quibus

374 1003 495 1076 hic
530 1002 932 1091 disseritur,
969 1006 1124 1103 ipse
1160 1008 1381 1080 nosti.
1485 1009 1581 1082 Et
1626 1008 1965 1106 denique,
2002 1011 2210 1104 cujus
2258 1008 2539 1104 judicio
2597 1008 2659 1081 si

373 1152 693 1249 placent,
756 1179 802 1227 a
859 1157 1525 1232 contradicentium
1595 1168 2027 1256 contemptu
2111 1171 2188 1232 et
2256 1157 2658 1231 maledictis

374 1305 647 1400 possim
680 1306 993 1403 protegi.

456 1455 736 1529 aRestat
768 1470 876 1546 ut,
915 1480 1118 1529 more
1153 1456 1641 1547 offerentium,
1676 1457 2071 1553 adjungam
2101 1455 2456 1528 oblationi
2485 1479 2658 1552 pre-

374 1607 650 1680 culam:
703 1631 989 1704 nempe,
1046 1620 1133 1680 ut
1183 1607 1499 1681 lectione
1568 1606 1858 1702 dignari
1902 1605 2081 1678 velis
2142 1607 2438 1678 brevem
2493 1629 2660 1701 quae

373 1761 705 1857 sequitur
737 1759 808 1831 A
801 1758 1199 1858 pologiam
1249 1783 1386 1856 pro
1421 1759 1614 1832 libro
1648 1781 1838 1848 mee,
1874 1781 2090 1854 quem
2126 1757 2216 1830 de
2254 1757 2661 1852 Republica

373 1934 707 1986 sermone
742 1910 980 2005 patrio
1035 1910 1391 2007 scriptum
1451 1907 1812 2006 appellavi
1869 1929 2379 1981 Lssle‘mAN.
2484 1908 2660 1982 Non

368 2072 614 2134 tamen
649 2073 732 2132 ut
766 2060 1127 2156 apologiae
1160 2060 1672 2158 qualicunque,
1709 2059 1839 2132 sed
1872 2058 2275 2131 Amnestiae
2329 2059 2655 2155 generali

374 2210 740 2286 confidere
801 2209 1188 2283 consilium
1248 2210 1429 2284 mihi
1477 2212 1595 2285 sit.
1703 2211 1863 2284 Nec
1917 2222 2004 2284 ut
2050 2233 2168 2282 me
2223 2234 2374 2282 non
2436 2210 2659 2284 modo

371 2362 608 2451 venia,
644 2360 773 2434 sed
799 2360 1023 2433 etiam
1047 2361 1288 2457 gratia
1318 2372 1447 2434 tua
1476 2363 1625 2457 jam
1655 2372 2010 2449 utentem,
2033 2370 2111 2432 et
2145 2359 2504 2432 beneficio
2529 2372 2661 2433 tuo

371 2511 787 2609 gratissimo
848 2522 1215 2602 ornatum,
1284 2510 1481 2608 apud
1535 2511 2005 2608 Majestatem
2073 2520 2277 2583 tuam
2344 2533 2660 2607 purgare

372 2683 671 2740 necesse
726 2659 1083 2732 habeam:
1146 2659 1278 2733 sed
1327 2671 1435 2750 ut,
1499 2684 1756 2734 eorum
1818 2684 2041 2734 causa
2099 2660 2224 2757 qui
2286 2659 2660 2735 malevolis

376 2809 557 2883 meis
589 2822 862 2883 temere
899 2810 1280 2884 credentes
1335 2810 1551 2883 aliter
1609 2810 1701 2883 de
1757 2835 1873 2884 me
1928 2835 2146 2907 quam
2201 2836 2491 2908 aequum
2547 2824 2661 2888 est

372 2959 719 3049 sentiunt,
757 2959 1197 3032 sententiam
1235 2983 1472 3032 meam
1515 2958 2014 3032 duriusculam
2061 2959 2352 3056 publice
2385 2963 2661 3058 possim

371 3111 900 3209 aliquantulum
937 3111 1286 3184 emollire.

468 3264 736 3351 Primo,
773 3261 1043 3357 dogma
1076 3261 1179 3335 ibi
1216 3261 1415 3358 quod
1451 3262 1960 3358 theologorum
2014 3266 2403 3340 sententiae
2456 3291 2654 3341 com-

372 3415 576 3489 muni
630 3415 1082 3489 contrarium
1138 3413 1259 3502 sit,
1314 3413 1598 3486 nullum
1658 3413 1936 3488 directe
1997 3416 2328 3489 affirmo:
2384 3417 2537 3507 sed,
2574 3431 2659 3492 ut

373 3566 670 3654 diffisus,
705 3565 994 3639 illorum
1018 3564 1329 3637 decretis
1355 3562 1645 3637 disertis
1666 3564 1910 3637 verbis
1939 3566 2317 3655 submitto,
2342 3590 2655 3662 quorum

373 3728 482 3789 est
542 3717 617 3790 in
675 3714 1004 3789 Ecclesia
1060 3713 1386 3812 regenda
1444 3738 1729 3787 summa
1786 3713 2217 3788 authoritas.
2344 3715 2655 3806 Deinde,

370 3878 754 3962 postquam
792 3864 1137 3939 Ecclesiae
1171 3864 1578 3937 authoritas
1616 3865 1955 3939 restituta
1980 3878 2206 3938 esset:
2260 3889 2432 3938 nam
2480 3866 2658 3941 dum

374 4016 532 4090 baec
595 4017 1024 4106 scribebam,
1076 4017 1424 4091 Ecclesiae
1487 4017 1915 4113 Anglicanae
1974 4018 2303 4113 regimen
2372 4018 2656 4093 nullum

373 4182 556 4257 erat,
618 4168 747 4242 sed
806 4169 1300 4266 unusquisque
1361 4168 1706 4267 quicquid
1766 4169 1998 4242 voluit
2067 4169 2295 4243 libere
2364 4170 2655 4266 scripsit

370 4318 790 4414 ediditque:
844 4341 1081 4413 neque
1136 4318 1410 4414 scripto
1471 4341 1712 4414 neque
1773 4317 2134 4412 colloquio
2169 4317 2293 4392 illa
2328 4342 2652 4415 unquam

372 4467 686 4541 defendi.
