3094 5125
715 469 810 536 58
1148 485 1684 539 ExAmNA‘rm
1725 487 1829 539 ET
1867 487 2365 541 EMENDATIO

337 673 638 718 numana
709 651 987 737 voluit3
1038 651 1309 726 lineam
1354 677 1513 727 esse
1551 677 1842 751 corpuS,
1878 654 1957 727 in
2005 679 2152 751 quo
2204 655 2591 753 longitudo
2629 656 2800 752 qui-

450 755 516 796 11.

342 823 629 859 „W
711 765 882 839 dem
915 776 991 840 et
1025 766 1183 839 sola
1216 778 1708 863 computatur,
1743 768 2058 842 latitudo
2095 793 2268 843 vero
2306 793 2458 842 non
2493 792 2802 864 compu-

707 889 956 959 taturz
1007 903 1296 977 nempe,
1331 880 1525 954 viam
1570 880 1908 978 corporis
1942 882 2142 971 moti,
2194 883 2402 978 cujus
2452 881 2801 980 corporis

708 990 916 1066 nulla
960 994 1482 1067 consideratur
1534 995 1922 1091 quantita-5·
1944 1023 1970 1068 .·
2034 994 2653 1092 quemadmodum
2713 995 2796 1067 li-

708 1128 925 1179 neam
959 1104 1293 1179 definivit
1329 1105 1691 1179 Hobbius.

806 1218 905 1292 B.
961 1217 1166 1291 Nihil
1217 1227 1332 1292 est
1373 1218 1453 1290 in
1498 1218 1615 1292 his
1664 1218 1950 1292 duabus
2004 1219 2553 1293 definitionibus
2619 1220 2794 1308 tuiS,

709 1330 905 1427 quod
940 1353 1089 1405 non
1132 1331 1345 1405 valde
1392 1332 1888 1429 comprobem,
1943 1333 2089 1406 nisi
2148 1333 2349 1429 quod
2406 1357 2558 1407 non
2609 1332 2796 1405 mihi

705 1443 1044 1518 videatur
1085 1469 1229 1518 vox
1281 1469 1558 1542 corpus
1609 1446 1790 1520 satis
1835 1447 2023 1520 bene
2080 1471 2342 1521 sonare
2398 1447 2476 1519 in
2537 1445 2791 1521 defini-

703 1559 1027 1633 tionibus
1060 1560 1319 1655 puncti
1356 1570 1430 1632 et
1464 1560 1706 1632 lineae.

804 1673 903 1746 A.
958 1672 1113 1745 Cur
1147 1673 1222 1745 in
1258 1672 1686 1745 definitione
1709 1671 1924 1744 lineae
1946 1672 2066 1744 vel
2101 1671 2590 1769 descriptione
2625 1673 2785 1759 hac,

703 1784 901 1860 linea
927 1788 1040 1883 fit
1071 1810 1166 1858 ex
1190 1786 1419 1881 fluxu
1456 1785 1749 1884 puncti,
1785 1808 1937 1858 non
1986 1785 2174 1859 male
2226 1798 2439 1859 sonat
2486 1786 2786 1859 auribus

703 1900 851 1973 tuis
897 1925 1040 1974 vox
1065 1901 1355 1996 fluxae,
1405 1924 1574 1972 cum
1631 1900 1872 1973 fluxus
1933 1922 2081 1972 non
2142 1900 2373 1996 possit
2434 1923 2594 1973 esse
2646 1898 2788 1972 nisi

703 2013 1079 2110 corporis?
1173 2016 1562 2103 Praeterea,
1601 2013 1726 2108 qui
1761 2011 2018 2085 dicunt
2050 2012 2320 2087 lineam
2355 2037 2512 2087 esse
2546 2014 2781 2108 longi-

703 2127 1059 2219 tudinem,
1094 2151 1246 2201 non
1291 2128 1698 2223 loquuntur
1731 2138 2119 2212 accurate;
2171 2151 2346 2199 nam
2385 2127 2609 2223 longa
2649 2139 2779 2215 est,

699 2242 945 2338 potius
1012 2264 1234 2337 quam
1287 2238 1699 2334 longitudo.
1834 2238 1932 2311 Et
1992 2239 2339 2335 quoniam
2398 2239 2781 2337 longitudo

696 2354 850 2427 lata
906 2353 1218 2447 intelligi
1277 2374 1426 2423 nou
1481 2360 1747 2447 potest,
1810 2349 2142 2425 definitio
2208 2352 2370 2426 haec
2422 2352 2776 2426 Euclidea

698 2466 896 2539 idem
928 2466 1126 2539 valet
1159 2488 1247 2537 ac
1282 2464 1343 2536 si
1386 2462 1690 2537 dixisset
1723 2463 1922 2537 linea
1966 2476 2081 2538 est
2130 2465 2514 2565 longitudo
2534 2495 2566 2551 ,·
2619 2491 2781 2566 quae

701 2578 1032 2653 definitio
1065 2603 1215 2652 non
1251 2589 1383 2653 est.

798 2694 896 2767 B.
948 2693 1199 2767 Tertia
1233 2705 1365 2782 est,
1405 2691 1620 2766 lineoe
1652 2703 1896 2767 autem
1931 2694 2223 2767 termini
2266 2703 2436 2768 sunt
2471 2707 2776 2793 puncta.

699 2806 904 2881 Quid
937 2807 1110 2880 huic
1145 2805 1491 2902 objicies?

796 2920 895 2995 A.
948 2919 1235 3016 Objicio
1270 2919 1798 2993 authoritatem
1830 2917 2167 3009 Wallisii,
2206 2921 2331 3016 qui
2383 2925 2780 2999 terminum

695 3033 910 3107 lineae
968 3033 1308 3130 primum,
1377 3032 1456 3105 id
1509 3044 1643 3121 est,
1714 3032 2158 3129 principium
2218 3033 2416 3129 quod
2473 3049 2782 3112 vocatur

696 3145 1021 3220 ultimum
1089 3145 1290 3245 quod
1349 3170 1511 3235 non,
1582 3144 1762 3218 dicit
1828 3169 1979 3218 non
2050 3169 2206 3219 esse
2272 3146 2498 3242 ipsius
2564 3148 2781 3225 lineae

693 3260 1114 3349 terminum,
1149 3258 1277 3332 sed
1311 3259 1525 3332 lineae
1560 3258 2092 3334 antecedentis,
2185 3259 2497 3334 Videtur
2530 3275 2779 3338 autem

693 3382 1015 3446 statuere
1071 3372 1465 3447 terminum
1535 3371 1756 3445 etiam
1808 3372 2142 3462 alterum,
2211 3397 2498 3471 nempe,
2552 3378 2779 3451 finem

692 3484 927 3575 lineae,
986 3509 1145 3560 esse
1210 3486 1290 3558 in
1357 3485 1555 3558 linea
1622 3485 1980 3580 sequenti,
2043 3495 2118 3558 et
2185 3487 2439 3560 vocari
2507 3487 2776 3564 debere

678 3600 1006 3698 primum
1039 3598 1244 3697 quod
1278 3597 1411 3671 sic.
1516 3599 1777 3694 Itaque
1812 3608 1942 3671 aut
1973 3597 2199 3671 falsus
2235 3612 2350 3673 est
2380 3601 2775 3693 WallisiuS,

690 3723 822 3785 aut
854 3711 1193 3785 Euclides
1223 3709 1453 3784 falsus
1489 3722 1672 3797 erat,
1701 3710 1828 3806 qui
1863 3711 2217 3784 terminos
2251 3711 2467 3786 lineae
2501 3714 2579 3786 in
2615 3716 2778 3812 ipsa

690 3824 952 3899 statuit
990 3825 1205 3898 linea.
1321 3823 1469 3897 Sed
1521 3848 1668 3897 non
1717 3824 2012 3897 videtur
2059 3824 2201 3898 hoc
2255 3825 2420 3900 loco
2456 3828 2775 3903 voluisse

689 3938 1029 4012 Euclides
1082 3939 1478 4034 quicquam
1531 3937 1885 4021 definire;
1951 3962 2091 4011 nec
2150 3938 2352 4014 aliud
2409 3941 2774 4039 explicare

689 4076 910 4149 quam
942 4053 1084 4125 hoc
1117 4053 1383 4148 ipsum,
1420 4052 1773 4125 terminos
1805 4051 2020 4125 lineae
2054 4075 2207 4125 non
2241 4076 2402 4127 esse
2436 4058 2774 4132 conside-

689 4167 959 4242 randos
993 4176 1203 4238 extra
1234 4164 1471 4261 ipsam
1503 4165 1799 4238 lineam.

793 4280 891 4354 B.
948 4280 1235 4356 Quarta
1268 4286 1404 4366 est,
1441 4287 1658 4351 recta
1684 4278 1885 4352 linea
1910 4286 2047 4367 est,
2078 4302 2243 4375 quoe
2279 4304 2371 4352 ex
2397 4306 2600 4376 cequo
2635 4306 2773 4355 sua

688 4393 1083 4488 interjacet
1094 4401 1407 4491 puncta.
1515 4391 1771 4467 Qualis
1807 4390 2147 4465 videtur?
