3094 5125
1006 515 1513 569 nornen-10
1556 514 1782 568 cnm.
2287 492 2431 574 507

343 686 696 785 angulum
733 695 1018 761 rectum
1052 686 1129 759 in
1164 685 1536 781 triangulo
1573 686 1783 781 cujus
1817 693 2207 781 utrumque
2239 682 2434 756 latus
2500 704 2668 746 mor.
2692 704 2804 745 xn.

344 801 545 875 eirca
601 800 955 897 angulum
1008 811 1293 873 rectum
1330 799 1609 897 aequale
1666 810 1778 872 est
1824 798 2040 874 lateri
2086 797 2258 870 cubi
2293 797 2432 870 Ga.

345 913 542 988 Nam
576 914 926 987 subtensa
959 912 1084 985 illa
1118 912 1424 1008 duplum
1450 923 1700 1009 potest
1733 923 1957 985 rectae
1991 911 2129 984 Ga.
2186 910 2435 985 Quare
2466 909 2478 921 '

343 1027 679 1124 potentia
732 1025 1073 1099 diametri
1115 1026 1229 1099 Oo
1263 1026 1619 1121 potentiae
1659 1024 1853 1098 illius
1902 1024 2271 1097 subtensae
2323 1035 2437 1097 est

346 1139 849 1237 sesquialtera.
954 1138 1214 1236 Itaque
1268 1138 1622 1211 subtensa
1659 1137 1786 1211 illa
1819 1150 1933 1211 est
1981 1137 2182 1210 latus'
2207 1147 2439 1210 tetra-

345 1253 562 1328 hedri
585 1252 663 1326 in
691 1253 946 1326 eadem
972 1253 1264 1348 sphaera
1282 1251 1620 1347 inscripti
1637 1252 1798 1348 (per
1816 1251 2022 1324 Eucl.
2050 1250 2203 1325 xiii.
2243 1253 2382 1344 13).

450 1367 857 1455 Postremo,
929 1367 1123 1439 latus
1193 1364 1576 1439 octahedri
1644 1364 1884 1439 eidem
1951 1365 2260 1458 sphaerae
2325 1364 2439 1437 in-

351 1480 634 1576 scripti,
672 1491 783 1553 est
817 1478 938 1569 Al,
991 1480 1146 1552 sive
1200 1478 1479 1553 chorda
1523 1479 1952 1576 quadrantis
2006 1478 2307 1551 maximi
2361 1479 2440 1552 in

351 1592 607 1666 eadem
653 1594 943 1690 sphaera
997 1593 1278 1683 circuli,
1327 1594 1535 1688 cujus
1573 1592 2014 1689 quadratum
2062 1604 2173 1665 est
2225 1591 2442 1664 dimi-

350 1706 553 1779 dium
588 1705 928 1803 quadrati
961 1706 1056 1779 ab
1092 1703 1245 1780 Oo:
1300 1704 1614 1801 ideoque
1659 1705 1856 1777 latus
1898 1714 2010 1777 est
2060 1703 2442 1778 octahedri

350 1820 431 1892 in
458 1819 718 1893 eadem
752 1819 1040 1917 sphaera
1074 1819 1408 1916 inscripti
1450 1822 1614 1915 (per
1646 1818 1855 1892 Eucl.
1891 1817 2046 1891 xiii.
2096 1818 2244 1912 14).

1214 2096 1605 2108 ———————-

363 2349 712 2424 Com-m
747 2348 1076 2422 libellum
1109 2348 1308 2422 hunc
1335 2346 1615 2445 prodiit
1648 2370 1884 2443 nuper
1915 2344 2341 2442 geometriae
2370 2346 2450 2420 in

361 2462 764 2537 Academia
796 2462 1197 2536 Oxoniensi
1222 2461 1657 2558 professoris
1702 2460 2000 2557 publici,
2035 2458 2229 2556 typis
2263 2461 2452 2533 Aca-

365 2577 688 2665 demieiS,
758 2575 1173 2649 Academiae
1244 2575 1319 2649 in
1386 2576 1626 2672 prima
1683 2575 1954 2672 pagina
2009 2575 2450 2671 impressum

362 2690 642 2763 habens
694 2688 1038 2785 sigillum,
1092 2688 1541 2764 confutatio:
1613 2689 1988 2779 nimirum,
2044 2700 2131 2761 ut
2185 2688 2450 2761 scirem

365 2815 738 2877 certamen
797 2802 978 2875 mihi
1021 2801 1179 2875 fore
1235 2815 1499 2877 contra
1544 2803 2029 2900 geometriam
2065 2801 2454 2875 Academi-

365 2940 552 2990 eam.
657 2915 870 2994 Scioz
922 2925 1144 3012 atque
1199 2917 1423 2990 etiam
1469 2927 1728 2990 eontra
1772 2928 2188 3011 geometras
2240 2914 2454 2989 hodi·-

367 3053 583 3104 ernos
615 3028 771 3102 fere
817 3029 1221 3103 universos.
1323 3029 1558 3103 Video
1612 3029 2199 3102 adversariorum
2245 3053 2455 3127 mag-

366 3167 545 3217 num
598 3143 1023 3216 exercitum.
1129 3143 1209 3217 Si
1268 3168 1419 3217 non
1478 3143 1912 3228 rationibuS,
1948 3142 2080 3215 sed
2136 3142 2454 3217 fustibus

366 3254 910 3332 decernendum
948 3267 1162 3343 esset,
1198 3269 1628 3330 metuerem.
1734 3256 1804 3330 N
1808 3279 1955 3329 unc
1991 3280 2139 3330 non
2174 3272 2449 3330 metuo,

368 3372 537 3446 Hoc
582 3370 803 3444 volui.
907 3370 1234 3466 Dignum
1293 3370 1566 3444 habere
1616 3369 2138 3459 adversarium,
2190 3370 2252 3444 si
2304 3395 2456 3445 non

364 3486 663 3574 virtute,
700 3485 960 3558 saltem
1015 3508 1321 3558 numero
1362 3483 1588 3558 volui.
1689 3483 1910 3557 Volui
1967 3484 2192 3556 etiam
2227 3484 2458 3558 arith-

367 3598 710 3671 meticam
752 3598 970 3670 istam
1032 3596 1441 3694 speciosam
1480 3619 1912 3692 provocare,
1946 3609 2030 3668 ut
2065 3619 2233 3669 cum
2268 3619 2456 3691 prae-

372 3711 626 3806 stigias
679 3733 864 3804 quas
924 3710 1002 3781 in
1055 3709 1461 3804 geometria
1501 3708 1747 3782 facere
1799 3709 2014 3782 solita
2067 3720 2204 3796 est,
2241 3708 2458 3781 simul

374 3846 628 3897 omnes
679 3822 968 3918 publice
1023 3835 1486 3907 ostentasset,
1539 3833 1782 3895 totum
1829 3819 2012 3895 illud
2061 3822 2458 3896 artificium

373 3935 746 4010 detectum
780 3958 827 4007 a
857 3935 1261 4030 geometria
1294 3934 1372 4007 in
1404 3946 1846 4032 perpetuum
1880 3933 2323 4030 ablegarem.

936 4179 1049 4233 AD
1089 4182 1778 4235 PROPOSITIONEM
1818 4181 1874 4233 1.

471 4309 884 4383 Confitetur
929 4308 1299 4405 professor
1343 4308 1881 4393 Academicus;
1937 4309 2000 4382 si
2047 4308 2460 4397 PQL,CYP

371 4436 542 4498 sunt
576 4422 907 4520 aequalia,
947 4435 1188 4498 totum
1223 4423 1675 4520 triangulum
1710 4421 1928 4498 AYQ
1985 4422 2262 4519 aequale
2298 4446 2458 4497 esse
