<?xml version="1.0" encoding="UTF-8"?>
<!DOCTYPE html PUBLIC "-//W3C//DTD XHTML 1.0 Transitional//EN"
    "http://www.w3.org/TR/xhtml1/DTD/xhtml1-transitional.dtd">
<html xmlns="http://www.w3.org/1999/xhtml" xml:lang="en" lang="en">
 <head>
  <title>
</title>
<meta http-equiv="Content-Type" content="text/html;charset=utf-8" />
  <meta name='ocr-system' content='tesseract 3.04.00' />
  <meta name='ocr-capabilities' content='ocr_page ocr_carea ocr_par ocr_line ocrx_word'/>
</head>
<body>
  <div class='ocr_page' id='page_1' title='image "./thomhobbesmalme02molegoog_0342.png"; bbox 0 0 3094 5125; ppageno 0'>
   <div class='ocr_carea' id='block_1_1' title="bbox 600 430 2139 499">
    <p class='ocr_par' dir='ltr' id='par_1_1' title="bbox 600 430 2139 499">
     <span class='ocr_line' id='line_1_1' title="bbox 600 430 2139 499; baseline 0.003 -4"><span class='ocrx_word' id='word_1_1' title='bbox 600 430 746 497; x_wconf 88' lang='grc'><strong>330</strong></span> <span class='ocrx_word' id='word_1_2' title='bbox 1150 443 1712 497; x_wconf 73' lang='lat' dir='ltr'><strong>PnoBLEMA‘rA</strong></span> <span class='ocrx_word' id='word_1_3' title='bbox 1749 446 2139 499; x_wconf 75' lang='lat' dir='ltr'><strong>Pmrsch.</strong></span> 
     </span>
    </p>
   </div>
   <div class='ocr_carea' id='block_1_2' title="bbox 241 612 2688 4230">
    <p class='ocr_par' dir='ltr' id='par_1_2' title="bbox 241 612 2684 710">
     <span class='ocr_line' id='line_1_2' title="bbox 241 612 2684 710; baseline 0.005 -31"><span class='ocrx_word' id='word_1_4' title='bbox 241 639 377 680; x_wconf 68' lang='lat' dir='ltr'><strong>ou».</strong></span> <span class='ocrx_word' id='word_1_5' title='bbox 410 639 492 681; x_wconf 79' lang='grc' dir='ltr'><strong>ιν.</strong></span> <span class='ocrx_word' id='word_1_6' title='bbox 598 612 1041 708; x_wconf 89' lang='lat' dir='ltr'><strong>acceperint,</strong></span> <span class='ocrx_word' id='word_1_7' title='bbox 1078 625 1396 710; x_wconf 88' lang='lat' dir='ltr'><strong>quantus</strong></span> <span class='ocrx_word' id='word_1_8' title='bbox 1432 614 1528 688; x_wconf 93' lang='lat' dir='ltr'><strong>ad</strong></span> <span class='ocrx_word' id='word_1_9' title='bbox 1576 615 2187 689; x_wconf 88' lang='lat' dir='ltr'><strong>commovendum</strong></span> <span class='ocrx_word' id='word_1_10' title='bbox 2222 614 2521 689; x_wconf 86' lang='lat' dir='ltr'><strong>videndi</strong></span> <span class='ocrx_word' id='word_1_11' title='bbox 2565 640 2684 691; x_wconf 90' lang='lat' dir='ltr'><strong>or·</strong></span> 
     </span>
    </p>

    <p class='ocr_par' dir='ltr' id='par_1_3' title="bbox 247 727 1354 823">
     <span class='ocr_line' id='line_1_3' title="bbox 247 727 1354 823; baseline 0.002 -24"><span class='ocrx_word' id='word_1_12' title='bbox 247 766 318 810; x_wconf 67' lang='lat'><strong>1),</strong></span> <span class='ocrx_word' id='word_1_13' title='bbox 339 765 484 811; x_wconf 54' lang='lat'><strong>0210„</strong></span> <span class='ocrx_word' id='word_1_14' title='bbox 597 750 876 822; x_wconf 86' lang='lat' dir='ltr'><strong>ganum</strong></span> <span class='ocrx_word' id='word_1_15' title='bbox 908 727 1354 823; x_wconf 89' lang='lat' dir='ltr'><strong>postulatur.</strong></span> 
     </span>
    </p>

    <p class='ocr_par' dir='ltr' id='par_1_4' title="bbox 245 831 2688 1142">
     <span class='ocr_line' id='line_1_4' title="bbox 245 831 2686 939; baseline 0.002 -28"><span class='ocrx_word' id='word_1_16' title='bbox 245 831 422 879; x_wconf 48' lang='grc' dir='ltr'><strong>ΨΜ·</strong></span> <span class='ocrx_word' id='word_1_17' title='bbox 698 837 790 912; x_wconf 89' lang='lat' dir='ltr'><strong>A.</strong></span> <span class='ocrx_word' id='word_1_18' title='bbox 847 839 994 913; x_wconf 85' lang='lat' dir='ltr'><strong>Sed</strong></span> <span class='ocrx_word' id='word_1_19' title='bbox 1047 864 1356 937; x_wconf 87' lang='lat' dir='ltr'><strong>corpora</strong></span> <span class='ocrx_word' id='word_1_20' title='bbox 1416 851 1591 916; x_wconf 88' lang='lat' dir='ltr'><strong>sunt</strong></span> <span class='ocrx_word' id='word_1_21' title='bbox 1641 841 2012 937; x_wconf 89' lang='lat' dir='ltr'><strong>permulta</strong></span> <span class='ocrx_word' id='word_1_22' title='bbox 2065 864 2378 938; x_wconf 90' lang='lat' dir='ltr'><strong>quorum</strong></span> <span class='ocrx_word' id='word_1_23' title='bbox 2437 854 2686 939; x_wconf 87' lang='lat' dir='ltr'><strong>partes</strong></span> 
     </span>
     <span class='ocr_line' id='line_1_5' title="bbox 599 953 2688 1051; baseline 0.001 -25"><span class='ocrx_word' id='word_1_24' title='bbox 599 953 976 1027; x_wconf 83' lang='lat' dir='ltr'><strong>calefactae</strong></span> <span class='ocrx_word' id='word_1_25' title='bbox 1008 953 1225 1027; x_wconf 87' lang='lat' dir='ltr'><strong>facile</strong></span> <span class='ocrx_word' id='word_1_26' title='bbox 1257 955 1577 1043; x_wconf 88' lang='lat' dir='ltr'><strong>avolant,</strong></span> <span class='ocrx_word' id='word_1_27' title='bbox 1614 978 1780 1051; x_wconf 85' lang='lat' dir='ltr'><strong>quae</strong></span> <span class='ocrx_word' id='word_1_28' title='bbox 1836 966 2085 1028; x_wconf 89' lang='lat' dir='ltr'><strong>tamen</strong></span> <span class='ocrx_word' id='word_1_29' title='bbox 2133 954 2688 1029; x_wconf 88' lang='lat' dir='ltr'><strong>inflammantur</strong></span> 
     </span>
     <span class='ocr_line' id='line_1_6' title="bbox 597 1068 1835 1142; baseline 0.002 -2"><span class='ocrx_word' id='word_1_30' title='bbox 597 1079 675 1140; x_wconf 91' lang='lat' dir='ltr'><strong>et</strong></span> <span class='ocrx_word' id='word_1_31' title='bbox 708 1068 960 1140; x_wconf 87' lang='lat' dir='ltr'><strong>lucent</strong></span> <span class='ocrx_word' id='word_1_32' title='bbox 990 1095 1008 1139; x_wconf 76' lang='lat' dir='ltr'><em>z</em></span> <span class='ocrx_word' id='word_1_33' title='bbox 1060 1078 1146 1141; x_wconf 92' lang='lat' dir='ltr'><strong>ut</strong></span> <span class='ocrx_word' id='word_1_34' title='bbox 1172 1068 1414 1141; x_wconf 90' lang='lat' dir='ltr'><strong>oleum</strong></span> <span class='ocrx_word' id='word_1_35' title='bbox 1450 1079 1526 1141; x_wconf 94' lang='lat' dir='ltr'><strong>et</strong></span> <span class='ocrx_word' id='word_1_36' title='bbox 1559 1068 1835 1142; x_wconf 90' lang='lat' dir='ltr'><strong>vinum.</strong></span> 
     </span>
    </p>

    <p class='ocr_par' dir='ltr' id='par_1_5' title="bbox 594 1180 2686 1936">
     <span class='ocr_line' id='line_1_7' title="bbox 694 1180 2685 1278; baseline 0.002 -26"><span class='ocrx_word' id='word_1_37' title='bbox 694 1180 797 1255; x_wconf 89' lang='lat' dir='ltr'><strong>B.</strong></span> <span class='ocrx_word' id='word_1_38' title='bbox 853 1180 1075 1255; x_wconf 77' lang='lat' dir='ltr'><strong>Quod</strong></span> <span class='ocrx_word' id='word_1_39' title='bbox 1109 1180 1202 1253; x_wconf 91' lang='lat' dir='ltr'><strong>ad</strong></span> <span class='ocrx_word' id='word_1_40' title='bbox 1233 1181 1475 1255; x_wconf 89' lang='lat' dir='ltr'><strong>oleum</strong></span> <span class='ocrx_word' id='word_1_41' title='bbox 1509 1180 1800 1269; x_wconf 84' lang='lat' dir='ltr'><strong>attinet,</strong></span> <span class='ocrx_word' id='word_1_42' title='bbox 1834 1204 1986 1253; x_wconf 90' lang='lat' dir='ltr'><strong>non</strong></span> <span class='ocrx_word' id='word_1_43' title='bbox 2019 1180 2518 1256; x_wconf 88' lang='lat' dir='ltr'><strong>inflammatur</strong></span> <span class='ocrx_word' id='word_1_44' title='bbox 2550 1206 2685 1278; x_wconf 94' lang='lat' dir='ltr'><strong>per</strong></span> 
     </span>
     <span class='ocr_line' id='line_1_8' title="bbox 598 1293 2686 1392; baseline 0.001 -26"><span class='ocrx_word' id='word_1_45' title='bbox 598 1315 677 1366; x_wconf 90' lang='lat' dir='ltr'><strong>se</strong></span> <span class='ocrx_word' id='word_1_46' title='bbox 711 1294 948 1367; x_wconf 83' lang='lat' dir='ltr'><strong>solum</strong></span> <span class='ocrx_word' id='word_1_47' title='bbox 972 1294 1129 1367; x_wconf 91' lang='lat' dir='ltr'><strong>sine</strong></span> <span class='ocrx_word' id='word_1_48' title='bbox 1159 1293 1304 1368; x_wconf 88' lang='lat' dir='ltr'><strong>alia</strong></span> <span class='ocrx_word' id='word_1_49' title='bbox 1328 1294 1639 1368; x_wconf 89' lang='lat' dir='ltr'><strong>materia</strong></span> <span class='ocrx_word' id='word_1_50' title='bbox 1659 1294 2179 1382; x_wconf 86' lang='lat' dir='ltr'><strong>combustibili,</strong></span> <span class='ocrx_word' id='word_1_51' title='bbox 2217 1295 2686 1392; x_wconf 87' lang='lat' dir='ltr'><strong>quantumvis</strong></span> 
     </span>
     <span class='ocr_line' id='line_1_9' title="bbox 598 1406 2684 1504; baseline 0.001 -24"><span class='ocrx_word' id='word_1_52' title='bbox 598 1406 1057 1482; x_wconf 85' lang='lat' dir='ltr'><strong>calefactum.</strong></span> <span class='ocrx_word' id='word_1_53' title='bbox 1160 1407 1339 1482; x_wconf 89' lang='lat' dir='ltr'><strong>Non</strong></span> <span class='ocrx_word' id='word_1_54' title='bbox 1374 1422 1549 1481; x_wconf 91' lang='lat' dir='ltr'><strong>sunt</strong></span> <span class='ocrx_word' id='word_1_55' title='bbox 1582 1431 1759 1504; x_wconf 88' lang='lat' dir='ltr'><strong>ergo</strong></span> <span class='ocrx_word' id='word_1_56' title='bbox 1806 1420 2056 1504; x_wconf 89' lang='lat' dir='ltr'><strong>partes</strong></span> <span class='ocrx_word' id='word_1_57' title='bbox 2091 1409 2255 1497; x_wconf 93' lang='lat' dir='ltr'><strong>olei,</strong></span> <span class='ocrx_word' id='word_1_58' title='bbox 2294 1408 2422 1482; x_wconf 89' lang='lat' dir='ltr'><strong>sed</strong></span> <span class='ocrx_word' id='word_1_59' title='bbox 2460 1421 2684 1483; x_wconf 89' lang='lat' dir='ltr'><strong>mate-</strong></span> 
     </span>
     <span class='ocr_line' id='line_1_10' title="bbox 595 1521 2684 1617; baseline 0.001 -24"><span class='ocrx_word' id='word_1_60' title='bbox 595 1521 726 1594; x_wconf 88' lang='lat' dir='ltr'><strong>riae</strong></span> <span class='ocrx_word' id='word_1_61' title='bbox 763 1521 924 1594; x_wconf 92' lang='lat' dir='ltr'><strong>oleo</strong></span> <span class='ocrx_word' id='word_1_62' title='bbox 958 1533 1205 1596; x_wconf 86' lang='lat' dir='ltr'><strong>unctae</strong></span> <span class='ocrx_word' id='word_1_63' title='bbox 1239 1545 1402 1617; x_wconf 88' lang='lat' dir='ltr'><strong>quae</strong></span> <span class='ocrx_word' id='word_1_64' title='bbox 1429 1521 1802 1594; x_wconf 83' lang='lat' dir='ltr'><strong>evolantes</strong></span> <span class='ocrx_word' id='word_1_65' title='bbox 1836 1521 2110 1594; x_wconf 89' lang='lat' dir='ltr'><strong>lucent.</strong></span> <span class='ocrx_word' id='word_1_66' title='bbox 2215 1523 2403 1595; x_wconf 87' lang='lat' dir='ltr'><strong>Sunt</strong></span> <span class='ocrx_word' id='word_1_67' title='bbox 2437 1533 2684 1595; x_wconf 85' lang='lat' dir='ltr'><strong>autem</strong></span> 
     </span>
     <span class='ocr_line' id='line_1_11' title="bbox 596 1633 2684 1731; baseline 0.001 -25"><span class='ocrx_word' id='word_1_68' title='bbox 596 1633 674 1707; x_wconf 91' lang='lat' dir='ltr'><strong>in</strong></span> <span class='ocrx_word' id='word_1_69' title='bbox 708 1634 878 1707; x_wconf 89' lang='lat' dir='ltr'><strong>vino</strong></span> <span class='ocrx_word' id='word_1_70' title='bbox 911 1635 1316 1731; x_wconf 87' lang='lat' dir='ltr'><strong>particulae,</strong></span> <span class='ocrx_word' id='word_1_71' title='bbox 1356 1658 1520 1731; x_wconf 89' lang='lat' dir='ltr'><strong>quae</strong></span> <span class='ocrx_word' id='word_1_72' title='bbox 1552 1634 1830 1708; x_wconf 91' lang='lat' dir='ltr'><strong>habent</strong></span> <span class='ocrx_word' id='word_1_73' title='bbox 1863 1646 2147 1707; x_wconf 90' lang='lat' dir='ltr'><strong>motum</strong></span> <span class='ocrx_word' id='word_1_74' title='bbox 2202 1634 2409 1707; x_wconf 90' lang='lat' dir='ltr'><strong>illum</strong></span> <span class='ocrx_word' id='word_1_75' title='bbox 2465 1659 2684 1731; x_wconf 90' lang='lat' dir='ltr'><strong>quem</strong></span> 
     </span>
     <span class='ocr_line' id='line_1_12' title="bbox 595 1747 2686 1847; baseline 0 -26"><span class='ocrx_word' id='word_1_76' title='bbox 595 1749 674 1821; x_wconf 91' lang='lat' dir='ltr'><strong>in</strong></span> <span class='ocrx_word' id='word_1_77' title='bbox 720 1760 920 1823; x_wconf 90' lang='lat' dir='ltr'><strong>terra</strong></span> <span class='ocrx_word' id='word_1_78' title='bbox 975 1749 1325 1847; x_wconf 86' lang='lat' dir='ltr'>supposui</span> <span class='ocrx_word' id='word_1_79' title='bbox 1367 1747 1544 1821; x_wconf 87' lang='lat' dir='ltr'><strong>satis</strong></span> <span class='ocrx_word' id='word_1_80' title='bbox 1592 1747 1965 1832; x_wconf 87' lang='lat' dir='ltr'><strong>velocem;</strong></span> <span class='ocrx_word' id='word_1_81' title='bbox 2021 1772 2185 1844; x_wconf 85' lang='lat' dir='ltr'><strong>quae</strong></span> <span class='ocrx_word' id='word_1_82' title='bbox 2244 1772 2290 1821; x_wconf 90' lang='lat' dir='ltr'><strong>a</strong></span> <span class='ocrx_word' id='word_1_83' title='bbox 2335 1760 2686 1822; x_wconf 90' lang='lat' dir='ltr'><strong>contactu</strong></span> 
     </span>
     <span class='ocr_line' id='line_1_13' title="bbox 594 1861 1821 1936; baseline -0.002 0"><span class='ocrx_word' id='word_1_84' title='bbox 594 1863 910 1936; x_wconf 87' lang='lat' dir='ltr'><strong>flammae</strong></span> <span class='ocrx_word' id='word_1_85' title='bbox 946 1875 1266 1936; x_wconf 87' lang='lat' dir='ltr'><strong>externae</strong></span> <span class='ocrx_word' id='word_1_86' title='bbox 1299 1862 1513 1935; x_wconf 89' lang='lat' dir='ltr'><strong>facile</strong></span> <span class='ocrx_word' id='word_1_87' title='bbox 1546 1861 1821 1934; x_wconf 88' lang='lat' dir='ltr'><strong>lucent.</strong></span> 
     </span>
    </p>

    <p class='ocr_par' dir='ltr' id='par_1_6' title="bbox 595 1973 2685 2163">
     <span class='ocr_line' id='line_1_14' title="bbox 695 1973 2685 2072; baseline -0.002 -24"><span class='ocrx_word' id='word_1_88' title='bbox 695 1976 793 2050; x_wconf 89' lang='lat' dir='ltr'><strong>A.</strong></span> <span class='ocrx_word' id='word_1_89' title='bbox 849 1976 1066 2050; x_wconf 90' lang='lat' dir='ltr'><strong>Unde</strong></span> <span class='ocrx_word' id='word_1_90' title='bbox 1103 1976 1273 2049; x_wconf 86' lang='lat' dir='ltr'><strong>sciri</strong></span> <span class='ocrx_word' id='word_1_91' title='bbox 1307 1987 1556 2072; x_wconf 87' lang='lat' dir='ltr'><strong>potest</strong></span> <span class='ocrx_word' id='word_1_92' title='bbox 1590 1974 1815 2048; x_wconf 89' lang='lat' dir='ltr'><strong>talem</strong></span> <span class='ocrx_word' id='word_1_93' title='bbox 1848 1985 2135 2047; x_wconf 92' lang='lat' dir='ltr'><strong>motum</strong></span> <span class='ocrx_word' id='word_1_94' title='bbox 2167 1973 2403 2047; x_wconf 89' lang='lat' dir='ltr'><strong>inesse</strong></span> <span class='ocrx_word' id='word_1_95' title='bbox 2450 1974 2685 2069; x_wconf 89' lang='lat' dir='ltr'><strong>parti-</strong></span> 
     </span>
     <span class='ocr_line' id='line_1_15' title="bbox 595 2090 1018 2163; baseline 0.002 -1"><span class='ocrx_word' id='word_1_96' title='bbox 595 2090 779 2163; x_wconf 86' lang='lat' dir='ltr'><strong>culis</strong></span> <span class='ocrx_word' id='word_1_97' title='bbox 813 2091 965 2163; x_wconf 90' lang='lat' dir='ltr'><strong>vini</strong></span> <span class='ocrx_word' id='word_1_98' title='bbox 992 2090 1018 2162; x_wconf 69' lang='grc' dir='ltr'><strong><em>ἓ</em></strong></span> 
     </span>
    </p>

    <p class='ocr_par' dir='ltr' id='par_1_7' title="bbox 594 2199 2681 2405">
     <span class='ocr_line' id='line_1_16' title="bbox 696 2199 2681 2301; baseline -0.002 -24"><span class='ocrx_word' id='word_1_99' title='bbox 696 2204 796 2277; x_wconf 89' lang='lat' dir='ltr'><strong>B.</strong></span> <span class='ocrx_word' id='word_1_100' title='bbox 851 2203 1346 2301; x_wconf 83' lang='lat' dir='ltr'><strong>Nunquamne</strong></span> <span class='ocrx_word' id='word_1_101' title='bbox 1381 2212 1671 2275; x_wconf 88' lang='lat' dir='ltr'><strong>tantum</strong></span> <span class='ocrx_word' id='word_1_102' title='bbox 1705 2200 1955 2274; x_wconf 88' lang='lat' dir='ltr'><strong>bibisti</strong></span> <span class='ocrx_word' id='word_1_103' title='bbox 1998 2199 2174 2290; x_wconf 88' lang='lat' dir='ltr'><strong>vini,</strong></span> <span class='ocrx_word' id='word_1_104' title='bbox 2209 2213 2293 2275; x_wconf 92' lang='lat' dir='ltr'><strong>ut</strong></span> <span class='ocrx_word' id='word_1_105' title='bbox 2336 2201 2681 2289; x_wconf 86' lang='lat' dir='ltr'><strong>lucernae,</strong></span> 
     </span>
     <span class='ocr_line' id='line_1_17' title="bbox 594 2314 2681 2405; baseline -0.002 -15"><span class='ocrx_word' id='word_1_106' title='bbox 594 2340 893 2405; x_wconf 85' lang='lat' dir='ltr'><strong>mensae,</strong></span> <span class='ocrx_word' id='word_1_107' title='bbox 922 2317 1290 2403; x_wconf 87' lang='lat' dir='ltr'><strong>fenestrae,</strong></span> <span class='ocrx_word' id='word_1_108' title='bbox 1315 2314 1564 2388; x_wconf 90' lang='lat' dir='ltr'><strong>omnia</strong></span> <span class='ocrx_word' id='word_1_109' title='bbox 1583 2314 2030 2387; x_wconf 84' lang='lat' dir='ltr'><strong>commoveri</strong></span> <span class='ocrx_word' id='word_1_110' title='bbox 2052 2315 2190 2387; x_wconf 91' lang='lat' dir='ltr'><strong>tibi</strong></span> <span class='ocrx_word' id='word_1_111' title='bbox 2218 2314 2681 2388; x_wconf 77' lang='lat' dir='ltr'><strong>viderentur?</strong></span> 
     </span>
    </p>

    <p class='ocr_par' dir='ltr' id='par_1_8' title="bbox 594 2427 2683 2731">
     <span class='ocr_line' id='line_1_18' title="bbox 697 2427 2683 2526; baseline -0.001 -23"><span class='ocrx_word' id='word_1_112' title='bbox 697 2431 794 2505; x_wconf 90' lang='lat' dir='ltr'><strong>A.</strong></span> <span class='ocrx_word' id='word_1_113' title='bbox 850 2428 1292 2526; x_wconf 88' lang='lat' dir='ltr'><strong>Aliquando,</strong></span> <span class='ocrx_word' id='word_1_114' title='bbox 1328 2452 1479 2500; x_wconf 89' lang='lat' dir='ltr'><strong>non</strong></span> <span class='ocrx_word' id='word_1_115' title='bbox 1514 2450 1732 2523; x_wconf 86' lang='lat' dir='ltr'><strong>saepe.</strong></span> <span class='ocrx_word' id='word_1_116' title='bbox 1839 2427 2149 2501; x_wconf 90' lang='lat' dir='ltr'><strong>Memini</strong></span> <span class='ocrx_word' id='word_1_117' title='bbox 2185 2439 2432 2502; x_wconf 90' lang='lat' dir='ltr'><strong>autem</strong></span> <span class='ocrx_word' id='word_1_118' title='bbox 2468 2428 2575 2501; x_wconf 88' lang='lat' dir='ltr'><strong>ire</strong></span> <span class='ocrx_word' id='word_1_119' title='bbox 2604 2438 2683 2502; x_wconf 89' lang='lat' dir='ltr'><strong>et</strong></span> 
     </span>
     <span class='ocr_line' id='line_1_19' title="bbox 594 2540 2679 2640; baseline -0.001 -23"><span class='ocrx_word' id='word_1_120' title='bbox 594 2543 835 2617; x_wconf 89' lang='lat' dir='ltr'><strong>redire</strong></span> <span class='ocrx_word' id='word_1_121' title='bbox 858 2542 1107 2617; x_wconf 90' lang='lat' dir='ltr'><strong>omnia</strong></span> <span class='ocrx_word' id='word_1_122' title='bbox 1125 2553 1335 2616; x_wconf 90' lang='lat' dir='ltr'><strong>motu</strong></span> <span class='ocrx_word' id='word_1_123' title='bbox 1354 2540 1860 2638; x_wconf 86' lang='lat' dir='ltr'><strong>reciprocante</strong></span> <span class='ocrx_word' id='word_1_124' title='bbox 1885 2541 2172 2639; x_wconf 89' lang='lat' dir='ltr'><strong>qualem</strong></span> <span class='ocrx_word' id='word_1_125' title='bbox 2205 2542 2679 2640; x_wconf 88' lang='lat' dir='ltr'><strong>descripsisti.</strong></span> 
     </span>
     <span class='ocr_line' id='line_1_20' title="bbox 595 2656 1044 2731; baseline -0.004 0"><span class='ocrx_word' id='word_1_126' title='bbox 595 2657 798 2731; x_wconf 78' lang='lat' dir='ltr'><strong>Quid</strong></span> <span class='ocrx_word' id='word_1_127' title='bbox 830 2656 1044 2729; x_wconf 81' lang='lat' dir='ltr'><strong>tum?</strong></span> 
     </span>
    </p>

    <p class='ocr_par' dir='ltr' id='par_1_9' title="bbox 587 2767 2680 3888">
     <span class='ocr_line' id='line_1_21' title="bbox 693 2767 2680 2866; baseline 0 -23"><span class='ocrx_word' id='word_1_128' title='bbox 693 2770 790 2843; x_wconf 91' lang='lat' dir='ltr'><strong>B.</strong></span> <span class='ocrx_word' id='word_1_129' title='bbox 846 2768 1055 2842; x_wconf 93' lang='lat' dir='ltr'><strong>Nihil</strong></span> <span class='ocrx_word' id='word_1_130' title='bbox 1089 2767 1312 2858; x_wconf 88' lang='lat' dir='ltr'><strong>aliud,</strong></span> <span class='ocrx_word' id='word_1_131' title='bbox 1347 2780 1843 2865; x_wconf 85' lang='lat' dir='ltr'><strong>praeterquam</strong></span> <span class='ocrx_word' id='word_1_132' title='bbox 1880 2767 2077 2864; x_wconf 89' lang='lat' dir='ltr'><strong>quod</strong></span> <span class='ocrx_word' id='word_1_133' title='bbox 2111 2769 2270 2866; x_wconf 90' lang='lat' dir='ltr'><strong>ejus</strong></span> <span class='ocrx_word' id='word_1_134' title='bbox 2315 2769 2423 2842; x_wconf 90' lang='lat' dir='ltr'><strong>rei</strong></span> <span class='ocrx_word' id='word_1_135' title='bbox 2460 2793 2680 2843; x_wconf 90' lang='lat' dir='ltr'><strong>causa</strong></span> 
     </span>
     <span class='ocr_line' id='line_1_22' title="bbox 590 2882 2676 2980; baseline 0 -25"><span class='ocrx_word' id='word_1_136' title='bbox 590 2894 750 2956; x_wconf 88' lang='lat' dir='ltr'><strong>erat</strong></span> <span class='ocrx_word' id='word_1_137' title='bbox 774 2883 1050 2959; x_wconf 87' lang='lat' dir='ltr'><strong>vinnm.</strong></span> <span class='ocrx_word' id='word_1_138' title='bbox 1123 2883 1349 2980; x_wconf 91' lang='lat' dir='ltr'><strong>Cujus</strong></span> <span class='ocrx_word' id='word_1_139' title='bbox 1385 2882 1767 2979; x_wconf 85' lang='lat' dir='ltr'><strong>particulae</strong></span> <span class='ocrx_word' id='word_1_140' title='bbox 1801 2882 2171 2955; x_wconf 90' lang='lat' dir='ltr'><strong>habebant</strong></span> <span class='ocrx_word' id='word_1_141' title='bbox 2192 2896 2437 2957; x_wconf 87' lang='lat' dir='ltr'><strong>motus</strong></span> <span class='ocrx_word' id='word_1_142' title='bbox 2456 2883 2676 2972; x_wconf 85' lang='lat' dir='ltr'><strong>illius,</strong></span> 
     </span>
     <span class='ocr_line' id='line_1_23' title="bbox 590 2994 2677 3094; baseline -0 -24"><span class='ocrx_word' id='word_1_143' title='bbox 590 3020 809 3093; x_wconf 90' lang='lat' dir='ltr'><strong>quem</strong></span> <span class='ocrx_word' id='word_1_144' title='bbox 844 2996 1214 3094; x_wconf 90' lang='lat' dir='ltr'><strong>supposui,</strong></span> <span class='ocrx_word' id='word_1_145' title='bbox 1242 3020 1592 3092; x_wconf 86' lang='lat' dir='ltr'><strong>magnum</strong></span> <span class='ocrx_word' id='word_1_146' title='bbox 1626 2994 1981 3092; x_wconf 86' lang='lat' dir='ltr'><strong>gradum:</strong></span> <span class='ocrx_word' id='word_1_147' title='bbox 2037 3019 2254 3092; x_wconf 90' lang='lat' dir='ltr'><strong>quem</strong></span> <span class='ocrx_word' id='word_1_148' title='bbox 2290 2997 2497 3070; x_wconf 86' lang='lat' dir='ltr'><strong>auxit</strong></span> <span class='ocrx_word' id='word_1_149' title='bbox 2527 2996 2677 3069; x_wconf 90' lang='lat' dir='ltr'><strong>for-</strong></span> 
     </span>
     <span class='ocr_line' id='line_1_24' title="bbox 588 3108 2680 3208; baseline 0 -24"><span class='ocrx_word' id='word_1_150' title='bbox 588 3124 784 3185; x_wconf 87' lang='lat' dir='ltr'><strong>tasse</strong></span> <span class='ocrx_word' id='word_1_151' title='bbox 829 3111 1191 3199; x_wconf 90' lang='lat' dir='ltr'><strong>nonnihil,</strong></span> <span class='ocrx_word' id='word_1_152' title='bbox 1237 3121 1626 3208; x_wconf 88' lang='lat' dir='ltr'><strong>postquam</strong></span> <span class='ocrx_word' id='word_1_153' title='bbox 1667 3109 1744 3182; x_wconf 91' lang='lat' dir='ltr'><strong>in</strong></span> <span class='ocrx_word' id='word_1_154' title='bbox 1796 3108 2287 3183; x_wconf 86' lang='lat' dir='ltr'><strong>ventriculum</strong></span> <span class='ocrx_word' id='word_1_155' title='bbox 2339 3121 2414 3184; x_wconf 91' lang='lat' dir='ltr'><strong>et</strong></span> <span class='ocrx_word' id='word_1_156' title='bbox 2455 3134 2680 3184; x_wconf 90' lang='lat' dir='ltr'><strong>venas</strong></span> 
     </span>
     <span class='ocr_line' id='line_1_25' title="bbox 587 3223 2675 3321; baseline 0 -24"><span class='ocrx_word' id='word_1_157' title='bbox 587 3237 905 3321; x_wconf 86' lang='lat' dir='ltr'><strong>receptae</strong></span> <span class='ocrx_word' id='word_1_158' title='bbox 972 3237 1237 3316; x_wconf 79' lang='lat' dir='ltr'><strong>erant,</strong></span> <span class='ocrx_word' id='word_1_159' title='bbox 1276 3225 1605 3321; x_wconf 89' lang='lat' dir='ltr'><strong>corporis</strong></span> <span class='ocrx_word' id='word_1_160' title='bbox 1664 3223 1968 3296; x_wconf 88' lang='lat' dir='ltr'><strong>humani</strong></span> <span class='ocrx_word' id='word_1_161' title='bbox 2051 3224 2386 3297; x_wconf 88' lang='lat' dir='ltr'><strong>internus</strong></span> <span class='ocrx_word' id='word_1_162' title='bbox 2453 3224 2675 3298; x_wconf 89' lang='lat' dir='ltr'><strong>calor.</strong></span> 
     </span>
     <span class='ocr_line' id='line_1_26' title="bbox 588 3337 2678 3434; baseline -0.002 -21"><span class='ocrx_word' id='word_1_163' title='bbox 588 3339 831 3434; x_wconf 90' lang='lat' dir='ltr'><strong>Atque</strong></span> <span class='ocrx_word' id='word_1_164' title='bbox 860 3364 948 3414; x_wconf 92' lang='lat' dir='ltr'><strong>eo</strong></span> <span class='ocrx_word' id='word_1_165' title='bbox 977 3353 1184 3414; x_wconf 90' lang='lat' dir='ltr'><strong>motu</strong></span> <span class='ocrx_word' id='word_1_166' title='bbox 1210 3363 1583 3413; x_wconf 86' lang='lat' dir='ltr'><strong>concussae</strong></span> <span class='ocrx_word' id='word_1_167' title='bbox 1610 3361 1815 3412; x_wconf 87' lang='lat' dir='ltr'><strong>venae</strong></span> <span class='ocrx_word' id='word_1_168' title='bbox 1844 3350 1921 3411; x_wconf 90' lang='lat' dir='ltr'><strong>et</strong></span> <span class='ocrx_word' id='word_1_169' title='bbox 1952 3337 2287 3434; x_wconf 90' lang='lat' dir='ltr'><strong>(propter</strong></span> <span class='ocrx_word' id='word_1_170' title='bbox 2310 3337 2678 3412; x_wconf 90' lang='lat' dir='ltr'><strong>continui-</strong></span> 
     </span>
     <span class='ocr_line' id='line_1_27' title="bbox 587 3450 2676 3549; baseline -0.001 -23"><span class='ocrx_word' id='word_1_171' title='bbox 587 3464 818 3527; x_wconf 86' lang='lat' dir='ltr'><strong>tatem</strong></span> <span class='ocrx_word' id='word_1_172' title='bbox 852 3452 1212 3549; x_wconf 89' lang='lat' dir='ltr'><strong>corporis)</strong></span> <span class='ocrx_word' id='word_1_173' title='bbox 1265 3453 1671 3541; x_wconf 89' lang='lat' dir='ltr'><strong>cerebrum,</strong></span> <span class='ocrx_word' id='word_1_174' title='bbox 1707 3450 2075 3524; x_wconf 85' lang='lat' dir='ltr'><strong>faciebant</strong></span> <span class='ocrx_word' id='word_1_175' title='bbox 2120 3463 2206 3524; x_wconf 93' lang='lat' dir='ltr'><strong>ut</strong></span> <span class='ocrx_word' id='word_1_176' title='bbox 2254 3463 2500 3524; x_wconf 91' lang='lat' dir='ltr'><strong>motus</strong></span> <span class='ocrx_word' id='word_1_177' title='bbox 2555 3450 2676 3523; x_wconf 91' lang='lat' dir='ltr'><strong>ille</strong></span> 
     </span>
     <span class='ocr_line' id='line_1_28' title="bbox 591 3563 2680 3662; baseline -0.002 -23"><span class='ocrx_word' id='word_1_178' title='bbox 591 3567 717 3662; x_wconf 91' lang='lat' dir='ltr'><strong>qui</strong></span> <span class='ocrx_word' id='word_1_179' title='bbox 751 3578 912 3639; x_wconf 87' lang='lat' dir='ltr'><strong>erat</strong></span> <span class='ocrx_word' id='word_1_180' title='bbox 943 3566 1021 3638; x_wconf 93' lang='lat' dir='ltr'><strong>in</strong></span> <span class='ocrx_word' id='word_1_181' title='bbox 1057 3567 1359 3639; x_wconf 92' lang='lat' dir='ltr'><strong>cerebro</strong></span> <span class='ocrx_word' id='word_1_182' title='bbox 1393 3577 1468 3640; x_wconf 88' lang='lat' dir='ltr'><strong>et</strong></span> <span class='ocrx_word' id='word_1_183' title='bbox 1512 3566 1757 3639; x_wconf 90' lang='lat' dir='ltr'><strong>nervis</strong></span> <span class='ocrx_word' id='word_1_184' title='bbox 1806 3564 2070 3661; x_wconf 87' lang='lat' dir='ltr'><strong>opticis</strong></span> <span class='ocrx_word' id='word_1_185' title='bbox 2117 3576 2193 3638; x_wconf 88' lang='lat' dir='ltr'><strong>et</strong></span> <span class='ocrx_word' id='word_1_186' title='bbox 2246 3564 2528 3657; x_wconf 91' lang='lat' dir='ltr'><strong>reliquo</strong></span> <span class='ocrx_word' id='word_1_187' title='bbox 2575 3563 2680 3635; x_wconf 88' lang='lat' dir='ltr'><strong>vi-</strong></span> 
     </span>
     <span class='ocr_line' id='line_1_29' title="bbox 591 3678 2678 3776; baseline -0.001 -22"><span class='ocrx_word' id='word_1_188' title='bbox 591 3679 813 3754; x_wconf 91' lang='lat' dir='ltr'><strong>dendi</strong></span> <span class='ocrx_word' id='word_1_189' title='bbox 874 3703 1178 3776; x_wconf 85' lang='lat' dir='ltr'><strong>organo,</strong></span> <span class='ocrx_word' id='word_1_190' title='bbox 1233 3679 1614 3752; x_wconf 88' lang='lat' dir='ltr'><strong>videretur</strong></span> <span class='ocrx_word' id='word_1_191' title='bbox 1672 3678 1810 3753; x_wconf 88' lang='lat' dir='ltr'><strong>tibi</strong></span> <span class='ocrx_word' id='word_1_192' title='bbox 1870 3700 2030 3751; x_wconf 89' lang='lat' dir='ltr'><strong>esse</strong></span> <span class='ocrx_word' id='word_1_193' title='bbox 2091 3679 2170 3751; x_wconf 92' lang='lat' dir='ltr'><strong>in</strong></span> <span class='ocrx_word' id='word_1_194' title='bbox 2222 3679 2550 3752; x_wconf 87' lang='lat' dir='ltr'><strong>fenestra</strong></span> <span class='ocrx_word' id='word_1_195' title='bbox 2600 3688 2678 3751; x_wconf 90' lang='lat' dir='ltr'><strong>et</strong></span> 
     </span>
     <span class='ocr_line' id='line_1_30' title="bbox 589 3785 1533 3888; baseline 0 -23"><span class='ocrx_word' id='word_1_196' title='bbox 589 3791 874 3865; x_wconf 77' lang='lat' dir='ltr'><strong>caeteris</strong></span> <span class='ocrx_word' id='word_1_197' title='bbox 909 3791 1241 3888; x_wconf 82' lang='lat' dir='ltr'><strong>objectiS.</strong></span> <span class='ocrx_word' id='word_1_198' title='bbox 1529 3785 1533 3789; x_wconf 40' lang='lat'><em>⁶</em></span> 
     </span>
    </p>

    <p class='ocr_par' dir='ltr' id='par_1_10' title="bbox 587 3903 2677 4230">
     <span class='ocr_line' id='line_1_31' title="bbox 689 3903 2677 4000; baseline -0.001 -21"><span class='ocrx_word' id='word_1_199' title='bbox 689 3907 788 3979; x_wconf 91' lang='lat' dir='ltr'><strong>A.</strong></span> <span class='ocrx_word' id='word_1_200' title='bbox 844 3906 1045 3981; x_wconf 78' lang='lat' dir='ltr'><strong>Quid</strong></span> <span class='ocrx_word' id='word_1_201' title='bbox 1081 3917 1196 3980; x_wconf 88' lang='lat' dir='ltr'><strong>est</strong></span> <span class='ocrx_word' id='word_1_202' title='bbox 1238 3906 1582 3979; x_wconf 81' lang='lat' dir='ltr'><strong>flamma?</strong></span> <span class='ocrx_word' id='word_1_203' title='bbox 1686 3903 1948 3979; x_wconf 86' lang='lat' dir='ltr'><strong>Putavi</strong></span> <span class='ocrx_word' id='word_1_204' title='bbox 1999 3903 2198 3977; x_wconf 91' lang='lat' dir='ltr'><strong>enim</strong></span> <span class='ocrx_word' id='word_1_205' title='bbox 2242 3904 2468 3993; x_wconf 89' lang='lat' dir='ltr'><strong>illam,</strong></span> <span class='ocrx_word' id='word_1_206' title='bbox 2510 3928 2677 4000; x_wconf 89' lang='lat' dir='ltr'><strong>quae</strong></span> 
     </span>
     <span class='ocr_line' id='line_1_32' title="bbox 587 4019 2677 4117; baseline 0 -26"><span class='ocrx_word' id='word_1_207' title='bbox 587 4019 681 4092; x_wconf 89' lang='lat' dir='ltr'><strong>ab</strong></span> <span class='ocrx_word' id='word_1_208' title='bbox 718 4020 985 4117; x_wconf 86' lang='lat' dir='ltr'><strong>exiguo</strong></span> <span class='ocrx_word' id='word_1_209' title='bbox 1021 4020 1394 4094; x_wconf 89' lang='lat' dir='ltr'><strong>straminis</strong></span> <span class='ocrx_word' id='word_1_210' title='bbox 1422 4019 1601 4092; x_wconf 88' lang='lat' dir='ltr'><strong>dum</strong></span> <span class='ocrx_word' id='word_1_211' title='bbox 1633 4019 2089 4092; x_wconf 88' lang='lat' dir='ltr'><strong>comburitur</strong></span> <span class='ocrx_word' id='word_1_212' title='bbox 2122 4019 2497 4114; x_wconf 89' lang='lat' dir='ltr'><strong>manipulo</strong></span> <span class='ocrx_word' id='word_1_213' title='bbox 2524 4019 2677 4092; x_wconf 86' lang='lat' dir='ltr'><strong>exit</strong></span> 
     </span>
     <span class='ocr_line' id='line_1_33' title="bbox 587 4131 2675 4230; baseline -0.001 -23"><span class='ocrx_word' id='word_1_214' title='bbox 587 4135 908 4224; x_wconf 89' lang='lat' dir='ltr'><strong>flamma,</strong></span> <span class='ocrx_word' id='word_1_215' title='bbox 931 4134 1210 4209; x_wconf 90' lang='lat' dir='ltr'><strong>centies</strong></span> <span class='ocrx_word' id='word_1_216' title='bbox 1245 4134 1597 4230; x_wconf 89' lang='lat' dir='ltr'><strong>majorem</strong></span> <span class='ocrx_word' id='word_1_217' title='bbox 1626 4156 1784 4208; x_wconf 87' lang='lat' dir='ltr'><strong>esse</strong></span> <span class='ocrx_word' id='word_1_218' title='bbox 1812 4156 2029 4229; x_wconf 88' lang='lat' dir='ltr'><strong>quam</strong></span> <span class='ocrx_word' id='word_1_219' title='bbox 2066 4143 2226 4206; x_wconf 91' lang='lat' dir='ltr'><strong>erat</strong></span> <span class='ocrx_word' id='word_1_220' title='bbox 2262 4132 2420 4229; x_wconf 90' lang='lat' dir='ltr'><strong>ipse</strong></span> <span class='ocrx_word' id='word_1_221' title='bbox 2440 4131 2675 4205; x_wconf 92' lang='lat' dir='ltr'><strong>mani-</strong></span> 
     </span>
    </p>
   </div>
   <div class='ocr_carea' id='block_1_3' title="bbox 585 4249 824 4345">
    <p class='ocr_par' dir='ltr' id='par_1_11' title="bbox 585 4249 824 4345">
     <span class='ocr_line' id='line_1_34' title="bbox 585 4249 824 4345; baseline 0.008 -25"><span class='ocrx_word' id='word_1_222' title='bbox 585 4249 824 4345; x_wconf 83' lang='lat' dir='ltr'><strong>puluS.</strong></span> 
     </span>
    </p>
   </div>
  </div>
 </body>
</html>
