3094 5125
1092 524 1755 582 GEOMETRARUM.
2311 519 2460 585 443

1180 842 1388 918 CAP.
1440 844 1653 919 XIX.

439 1005 925 1061 PROPOSITIO
969 1011 1291 1067 DECIMA
1328 1016 1597 1071 SEXTA
1635 1020 2072 1074 ELEMENTI
2103 1023 2384 1076 TERTII

1162 1127 1689 1185 EXAMINATA.

389 1249 592 1323 QUAE
629 1248 726 1322 ab
760 1255 1233 1330 extremitate
1276 1258 1622 1334 diametri
1679 1262 2032 1362 cujusque
2064 1263 2327 1339 circuli
2357 1266 2467 1340 ad
2521 1290 2657 1334 cn.
2688 1293 2819 1335 x1x.

386 1361 701 1461 angulos
734 1375 983 1439 recto-s·
1016 1366 1330 1463 ducitur,
1364 1382 1584 1447 extra
1643 1375 1883 1473 ipsum
1937 1378 2291 1452 circulum
2335 1405 2458 1453 ca-
2481 1419 2723 1477 noman-0

385 1474 511 1547 det
531 1503 558 1548 .·
607 1486 683 1549 et
733 1477 810 1551 in
871 1478 1103 1555 locum
1170 1486 1368 1559 inter
1415 1488 1658 1585 ipeam
1719 1501 2003 1564 rectam
2062 1491 2329 1566 lineam
2384 1505 2458 1567 et
2482 1485 2797 1602 fflffss

368 1589 886 1687 peripheriam
923 1599 1537 1695 comprehensum,
1567 1601 1820 1676 altera
1839 1615 2056 1678 recta
2089 1605 2287 1680 linea
2318 1633 2459 1680 non

385 1701 651 1775 cadet:
700 1713 774 1776 et
824 1707 1276 1785 semicirculi
1318 1714 1610 1811 quidem
1653 1717 1977 1815 angulus
2033 1721 2286 1817 quovis
2331 1747 2457 1794 an-

378 1814 562 1913 gulo
613 1829 833 1892 acuto
883 1822 1269 1898 rectilineo
1318 1829 1560 1924 major
1608 1838 1720 1901 est
1737 1856 1768 1913 ;
1819 1830 2149 1931 reliquus
2215 1845 2460 1908 autem

383 1951 639 2001 mmor.

486 2041 577 2113 In
611 2043 889 2118 circulo
923 2048 1142 2140 ABC,
1203 2054 1410 2149 cujus
1460 2092 1490 2127 r

385 2166 706 2230 centrum
739 2159 831 2249 D,
887 2160 1251 2237 diameter
1305 2166 1409 2239 eit

383 2269 535 2359 AC,
571 2270 681 2343 ad
698 2297 917 2370 quam
942 2301 1038 2348 ea·
1064 2278 1153 2369 A,
1180 2303 1411 2376 punc-

385 2392 462 2454 to
518 2394 863 2477 extremo,
899 2393 1410 2488 perpendicu-

385 2495 576 2570 lari-s·
605 2499 949 2577 ducatur.
1001 2505 1199 2580 Dico
1220 2507 1410 2585 hanc

386 2607 656 2684 lineam
707 2618 1413 2713 perpendicularem

383 2726 802 2798 necessario
823 2739 1046 2804 extra
1070 2733 1414 2810 circulum

385 2836 675 2910 cadere.
739 2838 828 2911 Si
854 2843 1041 2916 enim
1068 2849 1283 2923 cadet
1306 2854 1413 2927 in-

386 2958 511 3022 tra
570 2951 829 3049 ipsum,
874 2957 1123 3054 qualis
1179 2977 1297 3039 eet
1330 2970 1461 3043 AB
1485 3002 1512 3046 .·
1570 2975 1795 3046 ducta
1828 2973 1986 3062 DB,
2041 2983 2257 3046 erunt
2316 2974 2460 3048 duo

386 3063 649 3162 anguli
681 3065 907 3159 DAB,
944 3070 1146 3146 DBA
1182 3083 1508 3177 oequalee
1530 3113 1562 3169 ,⁰
1617 3085 1758 3158 sed
1791 3086 2010 3159 DAB
2056 3097 2305 3160 rectus
2349 3100 2462 3163 est

369 3201 525 3273 per
582 3185 1191 3262 constructionem
1217 3220 1244 3265 .·
1297 3194 1541 3293 igitur
1595 3209 1670 3272 et
1726 3199 1929 3273 DBA
1981 3210 2230 3273 rectus
2285 3202 2457 3294 erit,

386 3292 583 3386 quod
609 3304 725 3367 est
751 3294 1172 3376 absurdum.
1245 3305 1414 3381 Duo
1445 3312 1633 3384 enim
1670 3311 1932 3410 anguli
1964 3313 2043 3385 in
2071 3314 2463 3414 triangulo

385 3404 699 3478 minore-s·
765 3420 936 3483 sunt
994 3413 1274 3490 duobus
1326 3422 1581 3497 rectis.
1702 3424 1876 3497 Non
1942 3425 2183 3524 igitur
2244 3428 2464 3501 cadet

369 3521 1035 3616 perpendicularis
1069 3528 1273 3606 intra
1306 3535 1661 3610 circulum
1683 3565 1714 3622 ,·
1760 3564 1996 3638 neque
2031 3542 2335 3615 eandem
2369 3540 2462 3614 ob

386 3654 682 3706 caueam
705 3634 779 3708 in
807 3637 1044 3736 ipsam
1066 3643 1757 3745 circumferentiam,
1787 3653 1928 3726 sed
1947 3665 2193 3745 extra,
2217 3653 2464 3750 qualis

386 3753 503 3815 est
561 3746 703 3821 EF.
806 3749 1000 3825 Dico
1038 3757 1209 3850 jam
1269 3785 1364 3834 ea·
1417 3764 1506 3854 A,
1563 3764 1757 3837 inter
1805 3768 1957 3857 ΑΕ,
2020 3777 2326 3857 rectam,
2386 3777 2466 3840 et

387 3857 1051 3956 circumferentiam
1107 3872 1264 3963 AB,
1326 3900 1464 3950 non
1518 3902 1757 3977 posse
1810 3880 2087 3955 cadere
2143 3879 2464 3953 alteram

388 3981 692 4045 rectam.

492 4085 678 4158 Haec
745 4100 856 4163 est
923 4090 1567 4176 demonstrationis
1629 4104 1954 4178 Euclidis
2028 4104 2461 4201 (interprete

389 4195 673 4293 Clavio)
747 4225 918 4296 pars
986 4207 1270 4302 prima:
1348 4237 1568 4310 quam
1640 4216 1804 4291 dico
1871 4216 2209 4290 vitiosam
2276 4242 2457 4291 esse.

388 4310 654 4398 Prim0,
690 4314 886 4409 quod
920 4331 1274 4414 punctum
1308 4324 1378 4397 A
1412 4326 1594 4400 dicit
1627 4353 1785 4403 esse
1818 4354 2055 4428 neque
2089 4331 2287 4404 intra
2320 4331 2462 4403 cir-

387 4423 634 4496 culum
691 4449 928 4524 neque
984 4431 1058 4504 in
1118 4434 1704 4514 circumferentia
1751 4444 1928 4538 ejus.
2033 4443 2217 4516 Cum
2266 4446 2460 4517 enim
