3094 5125
346 703 483 751 CAP.
514 706 643 748 XVI·

311 830 382 875 Do
402 834 626 878 rationum

310 896 499 941 calculo.

708 498 856 566 430
996 513 1102 564 ΠΕ
1141 514 1604 566 PRINCIPIIS
1647 515 1747 566 ET
1788 513 2523 566 RATIOCINATIONR

706 680 984 754 habent
1018 681 1380 755 rationem
1415 689 1462 754 6
1498 681 1595 755 ad
1628 690 1701 771 4,
1737 682 2182 779 posteriores
2217 683 2384 756 duae
2421 682 2838 756 rationem

704 803 751 869 2
786 792 883 866 ad
921 802 990 867 8.

806 908 1056 981 Habet
1089 908 1311 981 etiam
1345 909 1777 983 methodum
1832 909 2216 983 auferendi
2258 910 2630 984 rationem
2666 910 2831 982 mi-

701 1044 958 1094 norem
996 1046 1042 1094 a
1074 1023 1375 1117 majore.
1454 1022 1570 1096 Sit
1603 1024 1791 1096 ratio
1828 1032 1854 1095 l
1886 1023 1984 1096 ad
2005 1033 2048 1097 4
2074 1022 2472 1098 auferenda
2506 1024 2826 1097 ratione

700 1142 747 1208 2
784 1134 881 1207 ad
917 1148 989 1207 4.
1091 1134 1255 1207 Fiat
1288 1148 1375 1207 ut
1411 1144 1454 1209 2
1494 1136 1589 1208 ad
1625 1144 1696 1225 4,
1734 1135 1839 1209 ita
1877 1136 2323 1210 antecedens
2366 1146 2394 1209 1
2439 1136 2539 1210 ad
2571 1136 2820 1211 aliam

700 1256 792 1322 2:
846 1258 925 1319 et
958 1246 1413 1322 collocentur
1440 1249 1701 1323 ordine
1735 1263 1885 1322 tres
1920 1250 2208 1323 numeri
2246 1258 2308 1339 l,
2330 1261 2403 1339 2,
2434 1259 2505 1322 4.
2569 1250 2812 1323 Ratio

708 1366 737 1431 l
782 1357 881 1431 ad
916 1368 961 1432 4
998 1360 1464 1456 componitur
1498 1384 1592 1434 ex
1626 1362 2033 1435 rationibus
2076 1371 2105 1436 l
2149 1361 2246 1435 ad
2283 1372 2356 1451 2,
2391 1373 2469 1436 et
2500 1372 2547 1438 2
2584 1362 2686 1436 ad
2718 1373 2807 1434 4.

701 1471 953 1546 Quare
1008 1472 1254 1546 ablata
1316 1473 1603 1547 ratione
1663 1485 1709 1547 2
1746 1474 1843 1549 ad
1876 1488 1919 1547 4
1971 1498 2063 1548 ex
2120 1475 2408 1549 ratione
2471 1483 2500 1548 l
2567 1475 2669 1548 ad
2715 1485 2800 1563 4,

697 1584 982 1682 reliqua
1016 1599 1131 1658 est
1162 1587 1352 1661 ratio
1399 1597 1424 1659 1
1470 1587 1567 1660 ad
1603 1597 1674 1663 2.

801 1699 1177 1785 Similiter,
1207 1700 1270 1773 si
1305 1724 1395 1773 ex
1430 1701 1717 1775 ratione
1745 1711 1789 1774 3
1817 1701 1913 1774 ad
1949 1711 1994 1775 2
2025 1699 2424 1774 auferenda
2458 1699 2560 1773 sit
2591 1702 2793 1774 ratio

697 1820 744 1886 2
779 1812 877 1885 ad
913 1820 983 1901 3,
1046 1814 1178 1886 fiat
1222 1824 1307 1888 ut
1362 1823 1407 1888 2
1445 1813 1542 1887 ad
1586 1823 1661 1903 3,
1716 1814 1823 1887 ita
1869 1825 1915 1888 3
1950 1815 2046 1888 ad
2098 1814 2318 1887 aliam
2367 1815 2484 1894 44.
2587 1812 2805 1886 Nam.

694 1925 952 2020 positis
1005 1925 1287 2016 ordine,
1325 1935 1396 2016 3,
1432 1928 1549 2015 st,
1587 1936 1632 2001 2
1664 1958 1683 2010 ;
1737 1927 1927 2001 ratio
1964 1937 2009 2001 2
2047 1927 2144 2001 ad
2179 1937 2250 2016 3,
2304 1926 2382 1999 id
2419 1936 2552 2014 est,
2587 1927 2788 2000 ratio

697 2046 742 2111 3
780 2038 877 2111 ad
910 2044 1027 2128 43,
1090 2040 1425 2114 aufertur
1456 2065 1502 2112 a
1534 2040 1821 2114 ratione
1872 2050 1918 2113 3
1952 2040 2049 2114 ad
2085 2049 2156 2130 2,
2216 2052 2293 2113 et
2344 2039 2789 2136 relinquitur

692 2152 883 2226 ratio
919 2155 1010 2237 4}
1043 2153 1138 2227 ad
1174 2162 1248 2227 2.
1348 2155 1597 2251 Atque
1636 2153 1752 2227 hae
1795 2153 2130 2228 methodi
2173 2154 2409 2227 ambae
2442 2176 2788 2249 compro-

691 2264 966 2340 bantur
997 2290 1043 2340 a
1080 2266 1330 2341 Clavio
1364 2267 1463 2342 ad
1493 2292 1706 2364 prop.
1741 2276 1866 2357 23,
1901 2267 2132 2341 Elem.
2170 2267 2268 2340 vi.

1484 2787 1695 2861 OAP.
1745 2787 1988 2861 XVII.

828 2956 1297 3010 RESPONSIO
1335 2958 1448 3011 An
1488 2959 1863 3018 QUAEDAM
1910 2959 2293 3018 QUAESITA
2331 2958 2639 3012 CLAvn.

690 3074 1204 3147 Rnsponnno
1259 3076 1414 3170 jam
1463 3075 1559 3148 ad
1611 3075 1919 3171 quaesita
1966 3074 2220 3163 Clavii,
2268 3085 2343 3149 et
2387 3076 2625 3171 primo
2677 3077 2783 3150 ad·

691 3187 872 3261 hoc:
932 3187 1279 3283 Quifieri
1299 3197 1579 3285 potest,
1615 3197 1699 3261 ut
1719 3188 2007 3286 positis
2043 3187 2279 3261 tribus
2315 3190 2771 3287 magnitudi-

689 3299 901 3373 nibus
939 3299 1345 3397 oequalibus
1380 3312 1452 3390 4,
1495 3310 1568 3388 4,
1605 3310 1677 3389 4,
1732 3300 1933 3373 ratio
1971 3301 2250 3398 primoe
2306 3302 2416 3375 ad
2469 3302 2768 3375 tertiam

685 3411 923 3510 dupla
983 3412 1086 3483 sit
1138 3414 1458 3486 rationis
1502 3413 1777 3511 primoe
1823 3413 1934 3486 ad
1976 3413 2400 3503 secundam,
2449 3439 2608 3486 cum
2665 3415 2770 3486 sit

683 3526 965 3600 omnino
999 3524 1257 3599 eadem
1282 3531 1327 3600 2

786 3639 1158 3715 Quoniam
1213 3639 1401 3713 ratio
1452 3640 1711 3736 primae
1762 3648 1805 3712 4
1845 3636 1941 3711 ad
1994 3638 2392 3712 secundam
2427 3649 2498 3729 4,
2536 3663 2764 3736 quan-

684 3755 956 3827 tumvis
1011 3753 1491 3848 multiplicata
1537 3777 1918 3849 nunquam
1971 3753 2348 3848 superabit
2405 3755 2762 3827 rationem

681 3867 993 3940 eandem
1029 3876 1073 3940 4
1112 3866 1208 3940 ad
1243 3875 1314 3955 4,
1350 3890 1592 3962 neque
1646 3867 2114 3962 quantumvis
2167 3890 2302 3963 per
2340 3866 2618 3941 medias
2652 3867 2762 3940 in-

680 3981 1074 4076 terpositas
1127 3979 1363 4053 divisa
1414 3980 1506 4052 ab
1554 3979 1681 4052 illa
1733 3980 2198 4077 superabitur
2217 4008 2240 4053 2
2293 3980 2764 4055 manifestum

679 4104 794 4167 est
832 4092 1194 4166 rationem
1228 4103 1273 4164 4
1311 4092 1407 4166 ad
1441 4102 1484 4166 4
1531 4097 1643 4182 (et
1690 4093 1768 4165 in
1821 4093 2270 4183 universum,
2316 4094 2618 4190 aequalis
2667 4094 2764 4168 ad

679 4206 989 4302 aequale)
1030 4231 1181 4280 non
1233 4230 1390 4281 esse
1443 4206 1954 4302 quantitatem,
1990 4231 2230 4303 neque
2273 4232 2490 4304 posse
2523 4232 2762 4304 aequa-

677 4320 922 4393 litates
979 4319 1160 4393 alias
1211 4320 1373 4394 aliis
1414 4320 1727 4415 majores
1758 4319 1878 4392 vel
1922 4319 2243 4394 minores
2287 4343 2470 4394 esse.
2574 4321 2770 4395 Inae·

675 4432 1117 4531 qualitatum
1179 4444 1424 4508 autem
1481 4433 1624 4508 alia
1679 4433 1823 4506 alia
1882 4433 2115 4527 major
2160 4457 2320 4507 esse
2364 4445 2637 4529 potest,
2685 4446 2764 4507 et
