3094 5125
593 433 739 498 256
1230 446 1337 498 DE
1379 446 1717 499 NATURA
1755 447 2028 498 AERIS,

590 614 985 688 ascendere
1054 614 1315 689 eodem
1385 628 1655 689 conatu
1724 641 1868 712 quo
1941 614 2181 689 tendit
2242 616 2680 688 naturaliter

592 728 957 816 deorsum,
995 728 1171 825 quid
1204 728 1462 802 fieret?

696 842 792 914 B.
848 843 1021 930 Aer,
1051 866 1300 916 rursus
1335 867 1597 940 aquam
1620 855 2035 938 penetranS,
2062 842 2309 914 locum
2341 842 2420 914 in
2456 842 2681 938 cylin-

594 954 729 1028 dro
767 966 1178 1050 capesseret
1212 955 1655 1028 inferiorem.

693 1069 794 1142 A.
850 1068 1005 1140 Cur
1040 1079 1283 1142 autem
1314 1068 1507 1142 idem
1537 1092 1689 1141 non
1719 1068 2203 1163 contingeret,
2228 1068 2288 1140 si
2324 1091 2458 1163 pro
2489 1091 2680 1163 aqua

589 1205 1030 1279 poneremus
1065 1182 1141 1255 in
1179 1183 1511 1278 cylindro
1542 1195 1934 1279 argentum
1965 1180 2268 1254 vivum?

693 1296 793 1368 Β.
849 1295 1250 1393 Continget
1285 1296 1504 1368 idem.

691 1408 789 1481 A.
844 1410 1109 1505 Cogita
1135 1411 1293 1506 jam
1334 1411 1408 1482 in
1446 1409 1949 1506 experimento
1984 1409 2534 1496 TorricellianO,
2562 1433 2676 1482 ar·-

592 1532 900 1615 gentum
947 1523 1193 1594 vivum
1246 1521 1687 1595 descendere
1737 1522 1816 1594 in
1868 1522 2279 1618 subjectum
2318 1546 2466 1612 vaS,
2505 1547 2676 1595 con-

592 1634 837 1707 tinens
897 1636 1120 1709 etiam
1182 1647 1572 1732 argentum
1620 1636 1863 1707 vivum
1899 1668 1916 1719 ;
1979 1648 2370 1731 argentum
2431 1648 2677 1709 autem

590 1747 832 1821 vivum
885 1748 1084 1844 quod
1140 1750 1216 1823 in
1250 1773 1421 1822 vase
1472 1759 1606 1839 est,
1643 1748 2038 1822 ascendere
2094 1748 2353 1822 eodem
2407 1762 2678 1823 conatu

591 1884 736 1957 quo
772 1861 1151 1936 descendit
1204 1863 1280 1935 in
1336 1861 1692 1959 cylindro,
1730 1873 1805 1935 et
1846 1885 2178 1958 premere
2214 1862 2675 1936 ascendendo

592 1978 1171 2073 superjacentem
1225 2001 1496 2066 aerem,
1554 1977 1682 2073 qui
1729 1998 1878 2063 aer,
1923 1974 2333 2071 (supposito
2384 1976 2676 2048 univer-

592 2113 754 2162 sum
806 2090 1160 2164 mundum
1216 2115 1372 2164 esse
1421 2090 1784 2186 plenum),
1821 2089 2268 2185 pressionem
2309 2090 2676 2185 surgentis

592 2204 880 2298 argenti
930 2203 1078 2276 vivi
1134 2205 1457 2298 effugere
1509 2227 1661 2275 non
1723 2202 1957 2298 magis
2010 2214 2278 2297 potest,
2337 2225 2555 2297 quam
2616 2203 2675 2274 si

592 2317 808 2387 ambo
869 2339 1181 2412 corpora
1238 2314 1584 2388 conclusa
1643 2327 1887 2388 essent
1953 2315 2031 2387 in
2086 2339 2236 2388 uno
2299 2326 2370 2388 et
2419 2314 2674 2388 eodem

590 2428 947 2523 cylindro.
1055 2428 1302 2503 Quare
1354 2429 1845 2501 necessarium
1896 2441 2007 2501 est
2047 2440 2134 2501 ut
2174 2452 2300 2500 aer
2338 2438 2678 2524 penetret

591 2542 829 2638 ipsum
863 2566 1127 2638 corpus
1161 2542 1450 2638 argenti
1484 2542 1656 2631 vivi,
1691 2543 1806 2616 vel
1840 2554 2165 2616 transeat
2198 2542 2392 2616 inter
2424 2567 2672 2638 super-

590 2654 828 2727 ficiem
866 2656 1154 2750 argenti
1177 2655 1325 2727 vivi
1361 2678 1762 2727 convexam
1798 2667 1873 2728 et
1907 2654 2218 2750 cylindri
2252 2679 2671 2728 concavam.

587 2767 812 2841 Vides
835 2767 1060 2864 igitur
1086 2768 1304 2864 hujus
1327 2768 1795 2864 phaenomeni
1822 2769 2186 2842 rationem
2221 2767 2429 2840 reddi
2462 2792 2674 2865 posse

589 2880 745 2952 sine
791 2880 1290 2977 suppositione
1323 2881 1561 2971 vacui,
1596 2881 1712 2954 vel
1769 2882 2037 2972 elastri‚
2073 2880 2186 2952 vel
2237 2891 2482 2955 motus
2534 2882 2674 2954 cir-

587 2993 854 3067 cularis
890 2993 1237 3091 simplicis
1271 3007 1710 3068 atomorum.

686 3107 783 3180 B.
838 3109 917 3182 Si
953 3109 1208 3206 quod*
1239 3132 1497 3183 revera
1543 3110 1732 3183 aeris
1777 3108 2065 3206 pondus
2107 3108 2225 3196 sit,
2260 3106 2376 3180 vel
2413 3107 2475 3180 si
2507 3106 2676 3181 talis

588 3229 830 3295 motus
885 3222 982 3295 sit
1028 3222 1558 3319 particularum
1607 3234 2014 3296 teri-earum
2063 3219 2354 3317 qualem
2388 3232 2471 3294 tu
2504 3245 2674 3316 sup-

586 3334 822 3430 poniS,
852 3335 1128 3408 nihilne
1162 3336 1553 3409 conferunt
1587 3334 1681 3408 ad
1714 3357 2101 3408 ascensum
2135 3344 2211 3407 et
2246 3332 2672 3407 descensum

587 3448 876 3543 argenti
908 3449 1054 3521 vivi
1080 3449 1158 3521 in
1196 3448 1526 3545 cylindro
1559 3449 1583 3521 P

691 3561 785 3633 A.
843 3562 1087 3634 Etiam
1156 3561 1599 3645 conferunt;
1694 3560 2065 3648 nimirum,
2133 3571 2221 3632 ut
2286 3570 2672 3656 argentum

587 3673 830 3748 vivum
885 3674 1335 3771 aliquantulo
1400 3675 1642 3747 minus
1696 3673 2116 3759 descendat,
2167 3697 2387 3769 quam
2437 3673 2497 3745 si
2548 3696 2675 3746 aer

588 3799 933 3861 externus
968 3800 1161 3861 esset
1192 3811 1418 3883 purus
1454 3798 1530 3859 et
1566 3787 1722 3860 sine
1755 3785 2108 3882 pondere.

692 3901 789 3974 B.
846 3900 1131 3973 Scimus
1161 3899 1358 3994 quod
1391 3899 1486 3972 ad
1521 3899 1857 3972 altissimi
1891 3898 2164 3972 montis
2198 3896 2522 3971 radicem
2556 3921 2673 3970 ar-

586 4026 896 4108 gentum
919 4015 1187 4104 vivum,
1212 4012 1410 4108 quod
1443 4023 1557 4086 est
1589 4014 1665 4086 in
1702 4012 2058 4110 cylindro,
2093 4011 2326 4108 magis
2363 4010 2674 4083 subsidit

586 4149 806 4221 quam
841 4129 919 4201 in
953 4137 1201 4201 monte
1236 4150 1544 4200 summo.

1225 4378 1261 4414 ⁶
1306 4376 1405 4438 Sic
1432 4376 1593 4438 Edit.
1629 4380 1774 4437 1661
1810 4385 1870 4437 et
1903 4380 2072 4437 1668.
