3094 5125
640 467 775 534 152
1063 481 1598 534 ΕΧΑΜῙΝΑΤΙΟ
1638 483 1738 534 ET
1775 482 2269 534 EMENDA‘rlo

251 674 551 717 unrocus
632 673 925 724 numero
962 650 1357 749 designari
1385 676 1529 724 non
1541 661 1804 749 potest
1815 678 1844 723 .·
1894 675 2067 724 nam
2126 661 2201 725 et
2251 650 2396 724 hoc
2441 650 2705 725 falsum

264 757 549 860 L
634 774 787 848 est;
843 764 1015 860 quia
1047 775 1197 837 tres
1237 775 1520 858 quartae
1572 776 1822 861 partes
1879 765 2099 838 unius
2156 764 2541 860 cujuslibet
2599 765 2708 837 rei

632 901 780 951 non
834 878 1076 949 minus
1120 900 1336 950 verus
1391 888 1502 950 est
1547 900 1917 966 numerus,
1947 901 2167 972 quam
2220 889 2371 951 tres
2425 889 2708 974 quartae

630 1001 878 1087 partes
911 990 1129 1063 unius
1156 990 1539 1063 octonarii.
1642 991 1739 1063 Et
1772 990 2226 1085 simpliciter,
2262 1001 2412 1064 tres
2458 1001 2707 1088 partes

632 1115 806 1177 sunt
839 1127 1046 1199 aeque
1080 1126 1299 1176 verus
1348 1127 1697 1177 numerus
1731 1127 1819 1176 ac
1879 1103 2024 1176 tria
2077 1115 2259 1179 tota.
2365 1104 2519 1178 Sed
2550 1130 2708 1204 pro

630 1216 828 1289 veris
880 1215 1200 1290 numeri-s·
1253 1215 1535 1306 haberi,
1584 1217 1845 1315 inquit,
1880 1241 2020 1289 non
2077 1216 2339 1292 solent.
2443 1217 2709 1315 Neque

633 1329 790 1410 hoe.
809 1328 1159 1409 concedo.

733 1441 832 1516 Β.
887 1440 1032 1515 Sed
1065 1441 1327 1537 probat
1360 1464 1454 1514 ex
1487 1464 1599 1530 eo,
1651 1441 1851 1539 quod
1883 1440 2018 1516 sub
2051 1442 2332 1517 numeri
2363 1442 2704 1542 appella-

637 1554 833 1628 tione
865 1554 1078 1651 apud
1106 1553 1493 1627 Euclidem
1525 1578 1666 1627 non
1700 1563 2108 1627 censentur.

735 1667 834 1740 A.
890 1667 1086 1742 Quia
1150 1690 1497 1740 numerus
1565 1667 1943 1740 hominum
2016 1668 2151 1740 sub
2221 1668 2711 1764 appellatione

636 1780 916 1853 numeri
955 1780 1151 1876 apud
1181 1779 1559 1853 Euclidem
1592 1803 1744 1853 non
1779 1791 2143 1867 censetur,
2178 1780 2440 1854 ideone
2475 1783 2711 1877 sequi-

635 1905 758 1974 tur
824 1893 1021 1991 quod
1087 1916 1432 1966 numerus
1497 1892 1873 1965 hominum
1933 1915 2082 1965 non
2142 1906 2257 1966 est
2310 1893 2707 1968 numerus?

638 2008 787 2080 Cur
839 2020 1086 2081 autem
1121 2029 1466 2080 numerus
1520 2006 1897 2079 hominum
1948 2005 2182 2101 magis
2219 2017 2330 2079 est
2361 2031 2711 2080 numerus

637 2143 854 2216 quam
892 2143 1237 2193 numerus
1272 2120 1592 2215 partium
1622 2120 1839 2193 unius
1872 2120 2235 2194 hominis?

736 2232 829 2306 Β.
886 2233 1179 2322 Nescio,
1208 2232 1340 2312 sed
1372 2256 1620 2329 perge.

737 2346 835 2419 A.
892 2346 1057 2419 Hoc
1079 2369 1367 2442 quoque
1387 2345 2012 2418 animadversione
2036 2346 2338 2441 dignum
2365 2357 2475 2420 est
2480 2348 2712 2443 ,quod

638 2459 840 2546 dicit,
868 2483 959 2540 ea:
994 2458 1434 2556 imperfecta
1471 2468 1545 2531 et
1579 2458 2020 2556 impossibili
2054 2459 2384 2533 radicum
2410 2470 2709 2534 extrac-

640 2573 841 2655 tione
875 2572 1066 2651 oriri
1100 2596 1432 2646 numeros
1479 2573 1752 2646 surdos
1780 2582 1910 2661 «13,
1941 2584 2071 2662 «15,
2100 2584 2238 2647 ete.
2342 2575 2711 2647 Numerus

639 2686 834 2767 enim
867 2685 1108 2759 nullus
1144 2696 1278 2774 est,
1315 2687 1439 2781 qui
1474 2710 1623 2760 non
1664 2698 1775 2761 est
1814 2687 1893 2759 in
1926 2687 2455 2783 progressionis
2489 2688 2710 2783 hujus

636 2799 1117 2877 arithmeticae
1137 2799 1345 2889 serie,
1384 2808 1446 2890 l,
1476 2810 1546 2889 2,
1571 2810 1640 2888 3,
1668 2811 1810 2879 etc.
1841 2827 1858 2871 ε
1898 2800 1960 2873 si
1982 2799 2455 2874 continuetur
2482 2824 2710 2897 quan-

639 2925 797 2991 tum
824 2922 1095 3009 potest.

735 3026 830 3107 B.
866 3025 1087 3099 Nihil
1121 3024 1600 3107 manifestius.
1705 3024 1852 3099 Sed
1884 3025 2205 3121 ignosce.

653 3192 654 3195 ,
711 3142 838 3218 Α.
893 3142 1226 3221 Quidni?
1330 3143 1849 3243 Condonamus
1908 3142 1977 3214 ei
2029 3166 2180 3215 non
2216 3142 2448 3219 *modo
2493 3142 2709 3233 hanc,

638 3257 768 3330 sed
819 3258 1111 3336 omnem
1162 3256 1343 3352 ejus,
1388 3267 1949 3352 quantacunque
2005 3255 2122 3342 sit,
2174 3256 2709 3351 ignorantiam3

638 3372 768 3449 sed
830 3372 1014 3445 falsa
1091 3370 1625 3465 corrigentibus
1708 3366 1925 3443 liceat
1984 3392 2164 3447 ⁴vera
2244 3369 2708 3465 investigare.

637 3484 1093 3558 Fractionem
1139 3506 1312 3561 mox
1363 3482 1720 3561 laboriose
1771 3481 2029 3559 definit
2079 3505 2258 3570 esse,
2310 3508 2459 3580 qua
2500 3483 2713 3557 unius

636 3596 925 3694 integri
965 3619 1165 3693 pars
1213 3593 1608 3681 indicatur,
1644 3619 1811 3692 quoe
1843 3593 1951 3668 ad
1978 3603 2202 3668 totum
2234 3593 2442 3668 illam
2475 3596 2710 3675 ratio·

635 3731 795 3781 nem
848 3707 1091 3799 habet,
1140 3732 1359 3806 quam
1412 3706 1631 3781 habet
1659 3706 2086 3802 fractionis
2130 3717 2555 3781 numerator
2608 3707 2717 3785 ad

636 3820 1271 3897 denominatorem.
1446 3882 1449 3887 ,

717 3933 832 4007 Β.
886 3934 1084 4012 Male
1116 3934 1280 4007 hoc.
1383 3934 1485 4008 Ni
1519 3933 1731 4007 enim
1757 3934 2136 4029 cognitum
2167 3933 2371 4028 prius
2404 3933 2499 4006 sit
2532 3933 2711 4029 quid

635 4046 1076 4147 sitfraeti0‚
1092 4048 1434 4143 cognosci
1467 4070 1618 4125 non
1652 4056 1896 4142 potest
1922 4046 2100 4143 quid
2134 4046 2231 4118 sit
2263 4056 2709 4133 numerator,

636 4171 764 4239 aut
798 4159 1299 4238 denominator
1329 4158 1781 4256 fractionis.

735 4270 826 4381 ᾼ.
881 4276 1179 4354 Poterat
1222 4273 1538 4362 brevius,
1573 4272 1840 4363 veriuS,
1888 4286 1966 4345 et
2023 4272 2331 4369 pleniUS,
2367 4284 2705 4351 naturam
