3094 5125
1051 478 1716 534 anons-raason.
2269 465 2405 533 391

1221 796 1431 871 CAP.
1483 797 1542 870 I.

1123 970 1231 1022 DE
1290 968 1650 1024 PUNc'rO.

350 1096 801 1170 Dnmm'rio
837 1095 1162 1171 Euclidis
1194 1099 1432 1196 prima
1462 1097 1731 1197 puncti
1764 1107 1901 1188 est,
1933 1096 2136 1171 haec:
2175 1121 2417 1195 punc·

349 1218 500 1282 tum
539 1208 830 1303 (σημεῖον)
870 1219 985 1283 εει
1016 1212 1224 1307 cujus
1243 1236 1444 1311 pars
1470 1209 1680 1285 nulla
1712 1219 1849 1284 est.

451 1321 650 1397 Quid
684 1321 1107 1397 definitione
1140 1325 1279 1399 hac
1314 1324 1675 1399 intellexit
1718 1323 2085 1412 Euclides,
2122 1321 2415 1396 difficile

351 1445 463 1508 est
496 1435 702 1509 scire.
805 1435 1114 1532 Signum
1148 1438 1367 1528 enim,
1404 1449 1764 1535 quatenus
1798 1437 2111 1533 signum,
2147 1458 2418 1509 nomen

352 1549 616 1645 quanti
647 1572 797 1622 non
830 1560 965 1640 est,
999 1550 1128 1625 sed
1160 1551 1579 1625 relationis:
1615 1573 2033 1648 quanquam
2067 1549 2416 1645 quicquid

351 1662 447 1735 sit
481 1661 678 1758 quod
711 1661 789 1734 in
822 1662 1113 1760 signum
1145 1663 1450 1761 alicujus
1484 1665 1594 1738 rei
1638 1674 1915 1738 statuas
1947 1662 2251 1751 visibile,
2285 1686 2416 1736 ne-

352 1775 667 1849 cessario
712 1800 975 1872 corpus
1026 1778 1145 1865 sit,
1191 1790 1269 1851 et
1324 1778 1631 1875 proinde
1683 1785 2021 1873 quantum
2071 1776 2292 1849 etiam
2341 1789 2418 1849 et

352 1887 710 1962 divisibile
778 1900 913 1978 est,
977 1901 1055 1963 et
1120 1902 1404 1986 partem
1469 1891 1740 1964 habere
1803 1900 2074 1987 potest.
2173 1888 2417 1962 Etiam

350 2000 575 2073 verba
606 2000 751 2090 illa,
787 2002 996 2097 cujus
1019 2026 1216 2100 pars
1250 2013 1365 2076 est
1397 2002 1630 2093 nulla,
1677 2002 2064 2097 dupliciter
2106 2000 2420 2096 intelligi

349 2125 696 2211 possunt:
748 2126 877 2187 aut
908 2138 1042 2211 pro
1079 2115 1390 2189 indiviso
1410 2143 1442 2198 ‚·
1473 2139 1642 2211 pars
1671 2115 1866 2188 enim
1890 2138 2038 2187 non
2074 2114 2419 2210 intelligi-

354 2237 498 2317 tur,
521 2227 660 2300 nisi
695 2226 820 2300 ubi
843 2229 1299 2324 praecesserit
1320 2228 1578 2301 divisio
1608 2257 1626 2301 ε
1662 2228 1778 2300 vel
1802 2251 1934 2323 pro
1959 2224 2421 2315 indivisibili,

353 2339 553 2436 quod
579 2363 711 2435 per
743 2352 1083 2414 naturam
1118 2364 1323 2414 suam
1359 2341 1733 2414 divisionis
1766 2353 1877 2414 est
1909 2340 2242 2437 incapax.
2327 2340 2418 2412 In

351 2454 581 2550 priori
659 2476 899 2544 sensu,
967 2466 1324 2552 punctum
1392 2455 1764 2552 quantitas
1831 2464 2032 2527 recte
2105 2452 2415 2526 dicitur:

354 2571 432 2644 in
485 2572 914 2669 posteriore,
950 2597 1101 2646 non
1146 2574 1367 2658 item;
1421 2597 1591 2646 cum
1636 2570 1871 2646 omnis
1904 2570 2273 2667 quantitas
2308 2568 2420 2641 di-

354 2683 656 2757 visibilis
683 2684 782 2757 sit
808 2684 883 2756 in
911 2707 1196 2780 semper
1223 2685 1633 2759 divisibilia.
1702 2685 1959 2780 Itaque
1978 2684 2042 2757 si
2066 2697 2423 2779 punctum

357 2797 454 2870 sit
507 2796 967 2886 indivisibile,
1023 2799 1302 2872 carebit
1358 2799 1554 2873 linea
1606 2800 1805 2872 omni
1872 2797 2294 2873 latitudine:
2346 2807 2425 2870 et

358 2910 531 3005 quia
554 2908 736 2981 nihil
771 2920 883 2981 est
915 2908 1216 3005 longum
1238 2911 1436 3006 quod
1454 2936 1605 2984 non
1638 2912 1903 2985 habeat
1936 2909 2423 2997 latitudinem,

355 3023 500 3095 erit
530 3020 726 3095 linea
756 3021 973 3117 plane
1005 3021 1213 3095 nihil.
1319 3023 1761 3120 Quanquam
1807 3025 2001 3098 enim
2041 3023 2423 3120 longitudo

354 3136 507 3210 lata
537 3159 690 3208 non
723 3135 841 3224 sit,
877 3134 1181 3230 longum
1215 3146 1462 3209 tamen
1497 3161 1718 3240 omne·
1746 3136 1977 3210 latum
2002 3149 2134 3210 est.
2203 3137 2425 3211 Vide-

357 3263 481 3322 tur
526 3249 750 3322 etiam
796 3246 1175 3321 Euclidem
1225 3248 1465 3344 ipsum
1513 3249 1594 3323 in
1644 3274 1732 3323 ea
1785 3251 2126 3348 opinione
2177 3250 2424 3341 fuisse,

355 3377 736 3458 punctum,
773 3384 1187 3457 quanquam
1232 3372 1517 3458 partem
1566 3375 1739 3436 actu
1784 3387 1931 3437 non
1974 3363 2260 3452 habeat,
2294 3388 2429 3462 po-

358 3476 589 3550 tentia
625 3488 871 3548 tamen
907 3472 1266 3546 divisibile
1300 3497 1459 3547 esse
1494 3486 1571 3549 et
1596 3476 2117 3573 quantitatem:
2153 3477 2428 3574 alioqui

359 3611 510 3660 non
563 3588 1003 3683 postulasset
1035 3610 1080 3659 a
1125 3598 1398 3683 puncto
1445 3589 1541 3662 ad
1595 3600 1949 3685 punctum
1996 3591 2166 3665 duci
2213 3615 2429 3688 posse

360 3698 631 3772 lineam
692 3713 1017 3773 rectam:
1088 3699 1285 3795 quod
1336 3700 1784 3798 impossibile
1848 3712 1980 3793 est,
2039 3704 2181 3776 nisi
2238 3704 2432 3777 linea

365 3811 632 3885 habeat
678 3812 1144 3886 latitudinem
1179 3813 1521 3910 aliquam.
1620 3815 1895 3889 Verum
1929 3817 2078 3891 sive
2130 3817 2235 3890 ita
2266 3840 2430 3890 sen-

365 3925 544 3998 serit
576 3925 936 4016 Euclides,
972 3925 1123 4000 sive
1157 3927 1392 4017 aliter,
1427 3928 1896 4002 manifestum
1932 3943 2046 4004 est
2076 3941 2432 4027 punctum

369 4038 725 4112 divisibile
762 4062 941 4127 esse,
977 4062 1067 4111 ex
1103 4063 1189 4112 eo
1226 4041 1446 4138 quod,
1484 4052 1687 4116 secta
1717 4043 1910 4116 linea
1940 4043 2021 4116 in
2055 4042 2233 4116 duas
2265 4067 2434 4140 par-

358 4164 505 4241 teS,
539 4151 836 4224 habebit
869 4164 1180 4248 utraque
1210 4177 1380 4251 pars
1408 4154 1589 4229 duos
1622 4158 1998 4245 terminos,
2026 4155 2103 4228 id
2130 4167 2262 4244 est,
2286 4156 2434 4231 duo

369 4278 648 4363 puncta
680 4276 1047 4338 extrema:
1102 4277 1177 4339 et
1208 4291 1341 4363 per
1377 4293 1829 4365 consequens
1872 4280 2224 4365 punctum
2260 4269 2439 4343 divi-

374 4377 556 4453 dens
597 4387 910 4467 secatur,
944 4379 1004 4451 si
1037 4380 1406 4475 quantitas
1452 4382 1572 4470 sit,
1605 4383 1685 4456 in
1730 4383 1909 4458 duas
1944 4383 2439 4479 quantitatem

2536 1129 2670 1171 cAP.
2701 1131 2743 1171 1.

2492 1197 2778 1234 κ-Ὺ-α

2499 1268 2567 1313 Do
2585 1271 2763 1327 puncto.
