3094 5125
263 668 398 709 CAP.
422 668 512 710 111.

621 460 764 526 324
1169 470 1732 524 PROBLRMATA
1767 471 2156 525 Panch.

720 642 818 716 B.
874 641 987 716 De
1019 641 1238 715 rebus
1272 640 1871 715 transmundanis
1904 640 2090 715 nihil
2123 641 2299 715 scio.

725 754 823 828 A.
879 754 1083 829 Quid
1143 754 1234 828 de
1292 755 1797 852 experimento
1854 779 2106 829 censes
2159 752 2720 842 Torricelliano,

624 868 985 964 probante
1020 891 1333 941 vacuum
1366 891 1502 964 per
1535 880 1923 965 argentum
1959 869 2233 958 vivum,
2270 868 2413 941 hoc
2442 866 2718 940 modo?

625 982 781 1070 Est,
817 980 894 1054 in
930 982 1191 1077 figura,
1228 981 1296 1055 A
1330 980 1563 1077 pelvis
1609 981 1762 1054 sive
1808 981 2008 1054 aliud
2041 1005 2192 1070 vaS,
2225 993 2301 1054 et
2352 981 2430 1053 in
2467 1003 2556 1053 eo
2602 1002 2722 1051 ar-

624 1104 931 1190 gentum
966 1094 1214 1167 vivum
1246 1117 1476 1191 usque
1511 1094 1610 1168 ad
1644 1094 1731 1168 Β.
1833 1095 1967 1168 Est
2012 1107 2263 1169 autem
2300 1094 2444 1167 CD
2493 1093 2721 1166 tubus

624 1208 906 1281 vitreus
966 1230 1355 1297 concam,
1412 1208 1736 1304 repletus
1792 1232 2083 1306 quoqne
2152 1219 2462 1304 argento
2520 1207 2718 1280 vivo.

628 1322 855 1395 Hunc
907 1321 1169 1395 tubum
1223 1321 1283 1394 si
1330 1319 1563 1416 digito
1599 1321 2079 1413 obturaveris,
2130 1321 2592 1418 erexerisque
2638 1320 2721 1394 in

627 1458 798 1508 vase
826 1434 916 1523 A,
952 1457 1399 1530 manumque
1433 1434 1845 1523 abstuleriS‚
1884 1434 2281 1509 descendet
2327 1446 2719 1531 argentum

625 1548 874 1621 vivum
908 1570 954 1619 a
988 1547 1089 1619 C:
1127 1570 1382 1619 verum
1408 1570 1560 1619 non
1587 1546 2007 1621 effundetur
2033 1560 2272 1622 totum
2301 1548 2377 1620 in
2404 1548 2719 1644 pelvem,

629 1660 760 1734 sed
786 1660 1083 1733 sistetur
1110 1659 1188 1731 in
1217 1658 1568 1733 distantia
1600 1659 1940 1755 quadam,
1969 1672 2152 1757 puta
2175 1663 2253 1734 in
2281 1661 2373 1733 D.
2448 1659 2721 1734 Nonne

629 1798 805 1870 ergo
838 1772 1332 1847 necessarium
1368 1783 1505 1860 est,
1539 1785 1626 1846 ut
1657 1796 1828 1870 pars
1860 1774 2021 1847 tubi
2057 1774 2253 1848 inter
2288 1773 2348 1846 C
2384 1785 2460 1846 et
2507 1773 2574 1845 D
2621 1772 2722 1845 sit

628 1886 910 1961 vacua?
1014 1885 1185 1959 Non
1220 1885 1440 1972 enim,
1477 1898 1680 1982 pute,
1711 1888 2017 1983 negabis
2066 1888 2242 1985 quin
2296 1885 2722 1984 superficies

632 2000 793 2075 tubi
848 2023 1193 2085 concava,
1241 2011 1320 2072 et
1374 2001 1664 2096 argenti
1716 2001 1864 2074 vivi
1922 2025 2273 2092 convexa,
2323 2024 2400 2075 se
2460 2012 2723 2073 mutuo

634 2112 1202 2210 exquisitissime
1237 2113 1699 2209 contingant.

734 2227 831 2299 B.
885 2227 1043 2322 Ego
1078 2247 1316 2319 neque
1350 2249 1542 2322 nego
1580 2236 2030 2316 contactum,
2075 2251 2317 2323 neque
2351 2226 2500 2299 vim
2543 2249 2725 2299 con-

635 2340 1036 2437 sequentiae
1089 2340 1447 2435 intelligo.
1555 2338 1634 2410 Si
1686 2339 1849 2434 quis
1901 2340 1979 2413 in
2034 2352 2446 2436 argentum,
2472 2340 2727 2412 vivum

635 2451 834 2547 quod
866 2452 942 2524 in
982 2475 1151 2525 vase
1174 2463 1287 2526 est
1304 2451 1623 2524 vesicam
1643 2451 2083 2526 immerserit
2101 2453 2455 2542 inflatam,
2478 2475 2726 2526 nonne

635 2566 783 2655 illa,
819 2575 1068 2638 amota
1095 2589 1342 2654 manu,
1377 2566 1757 2660 emerget?

738 2678 837 2752 A.
892 2678 1010 2751 Ita
1043 2691 1267 2768 certe,
1305 2678 1445 2752 etsi
1479 2690 1670 2751 esset
1705 2678 1949 2752 vesica
1983 2679 2246 2771 ferrea,
2281 2681 2398 2754 vel
2432 2705 2524 2754 ex
2568 2704 2728 2755 ma-

637 2792 827 2866 teria
863 2815 1326 2889 quacumque
1350 2802 1624 2890 praeter
1658 2816 1941 2870 aurum.

743 2907 839 2981 B.
896 2906 1120 2981 Vides
1140 2906 1368 3003 igitur
1395 2907 1487 2980 ab
1517 2929 1685 2979 aere
1705 2907 2079 3003 penetrari
2098 2931 2312 3003 posse
2335 2917 2728 3004 argentum

639 3021 913 3095 vivum.

742 3133 842 3207 A.
896 3134 1139 3207 Etiam
1173 3161 1191 3205 z
1245 3143 1318 3207 et
1376 3131 1672 3229 quidem
1708 3131 1835 3206 illa
1881 3134 2042 3229 ipsa
2076 3133 2173 3224 vi,
2210 3159 2430 3231 quam
2465 3158 2511 3207 a
2544 3158 2731 3231 pon-

643 3247 815 3320 dere
852 3247 1123 3344 accipit
1156 3246 1446 3342 argenti
1479 3244 1647 3318 vivi.

742 3357 836 3433 B.
893 3359 1126 3433 Simul
1168 3371 1388 3456 atque
1430 3370 1820 3454 argentum
1855 3359 2102 3432 vivum
2138 3359 2601 3434 descenderit
2634 3358 2731 3432 ad

644 3473 736 3562 D,
773 3472 989 3546 altius
1035 3472 1177 3545 erit
1211 3472 1290 3544 in
1323 3496 1497 3546 vase
1533 3473 1600 3544 A
1637 3494 1856 3567 quam
1884 3485 2056 3547 ante
2087 3501 2105 3546 ε
2158 3473 2528 3560 nimirum,
2563 3473 2730 3571 plus

645 3587 935 3683 argenti
963 3585 1110 3658 vivi
1138 3585 1279 3658 erit
1312 3585 1389 3659 in
1411 3609 1585 3659 vase
1622 3609 1840 3682 quam
1877 3598 2036 3660 erat
2070 3599 2243 3661 ante
2273 3587 2730 3676 descensum,

645 3711 854 3775 tanto
892 3711 1247 3798 quantum
1284 3699 1484 3797 capit
1515 3724 1686 3796 pars
1735 3699 1895 3772 tubi
1930 3701 1989 3773 C
2006 3700 2073 3772 D
2104 3729 2122 3772 ε
2190 3713 2399 3775 tanto
2439 3724 2734 3798 quoque

648 3814 888 3888 minus
925 3813 1063 3887 erit
1099 3812 1289 3886 aeris
1317 3825 1528 3887 extra
1554 3813 1837 3901 tubum,
1869 3837 2089 3910 quam
2125 3825 2297 3888 ante
2333 3825 2513 3889 erat.
2600 3814 2734 3887 Ille

649 3938 895 4001 autem
950 3950 1076 4001 aer
1133 3925 1261 4022 qui
1315 3927 1407 3999 ab
1458 3938 1765 4022 argento
1800 3927 1968 4000 vivo
2004 3928 2167 4000 loco
2214 3952 2346 4001 suo
2394 3939 2734 4001 extrusus

650 4054 785 4133 est,
863 4041 1273 4140 (supposita
1340 4041 1664 4114 universi
1726 4041 2245 4139 plenitudine),
2312 4068 2459 4138 quo
2531 4043 2733 4116 abire

650 4166 918 4252 potest,
955 4156 1094 4230 nisi
1121 4153 1217 4228 ad
1253 4178 1419 4226 eum
1448 4153 1693 4227 locum
1721 4154 1847 4250 qui
1881 4154 1959 4227 in
2004 4155 2183 4228 tubo
2229 4156 2425 4228 inter
2462 4156 2521 4228 C
2557 4165 2632 4227 et
2666 4153 2733 4225 D

651 4292 697 4341 a
749 4268 1107 4342 descensu
1147 4266 1434 4362 argenti
1467 4266 1618 4340 vivi
1671 4267 2277 4364 relinquebatur?
2385 4267 2532 4341 Sed
2567 4291 2735 4363 qua,

651 4380 961 4476 inquies,
989 4382 1108 4455 via
1141 4380 1216 4453 in
1252 4380 1459 4453 illum
1494 4379 1740 4453 locum
1777 4404 2248 4455 successurus
2284 4380 2449 4454 est?
2538 4381 2731 4470 Qua,
