3094 5125
919 522 1284 578 cunm-10
1323 522 1712 591 SPHAERAE,
1750 521 1927 576 n'rc.
2320 500 2465 571 519

938 799 1051 854 AD
1090 800 1770 854 PROPOSITIONEM
1811 801 1903 852 11.

479 926 566 999 In
601 926 677 1016 ii,
699 937 786 999 ut
821 951 1018 1000 nunc
1054 928 1278 1017 edita,
1303 929 1648 1001 inventus
1683 940 1798 1002 est
1827 927 2133 1023 sphaerae
2169 912 2468 1020 aequalis
2505 955 2589 996 An
2620 952 2789 993 mov.
2813 952 2880 993 11.

381 1042 656 1113 cubust
709 1040 852 1114 nisi
906 1053 984 1114 et
1040 1041 1234 1114 hanc
1278 1040 1769 1114 confutaverit
1803 1038 2204 1114 Professor.
2304 1038 2472 1110 Tri·
2554 1021 2840 1056 *qd

379 1154 768 1250 umphabit
799 1168 1071 1250 tamen,
1106 1154 1303 1251 quod
1337 1154 1476 1226 nisi
1527 1153 1651 1226 ille
1704 1153 2026 1249 priorem
2076 1150 2470 1247 reprehen-

381 1267 632 1356 disset,
668 1293 714 1341 a
747 1292 865 1342 me
902 1268 1245 1342 inventus
1297 1291 1447 1340 non
1498 1266 1776 1351 fuisset.
1880 1267 1980 1338 Et
2012 1266 2369 1362 profecto,
2406 1264 2471 1337 si

380 1381 526 1472 ille,
549 1376 940 1478 postquam
970 1404 1296 1454 errorem
1331 1404 1579 1453 meum
1605 1380 2022 1467 detexisset,
2050 1379 2270 1451 etiam
2312 1402 2474 1451 cor-

380 1495 717 1581 rexisset,
752 1493 829 1566 id
864 1505 975 1567 est
1012 1495 1178 1567 cubi
1216 1492 1311 1566 ad
1346 1494 1709 1589 sphaeram
1759 1493 2120 1565 rationem
2156 1492 2475 1564 invenisss

385 1622 521 1698 set,
582 1607 659 1680 in
714 1619 1001 1704 partem
1050 1607 1366 1703 aliquam
1414 1607 1633 1702 hujus
1688 1606 1924 1679 laudis
1958 1605 2208 1678 venire
2255 1618 2473 1701 potu-

383 1721 582 1794 isset.
672 1719 818 1794 Sed
851 1720 958 1792 illi
995 1719 1442 1815 impossibile
1477 1719 1621 1792 hoc
1649 1730 1830 1807 erat,
1858 1730 2253 1814 propterea
2278 1717 2476 1812 quod

384 1834 745 1908 rationem
807 1833 1181 1905 inventam
1232 1831 1488 1905 circuli
1550 1831 1646 1905 ad
1700 1831 2165 1927 quadratum,
2220 1846 2296 1904 et
2351 1830 2476 1903 de-

384 1957 897 2035 monstratam,
932 1947 1345 2041 intelligere
1381 1970 1531 2019 non
1566 1946 1831 2040 potuit.

487 2063 575 2135 In
613 2061 1239 2134 demonstratione
1285 2060 1627 2133 secundae
1672 2057 2192 2156 propositionis
2225 2057 2471 2153 priore

393 2176 752 2248 confiteor
793 2197 911 2246 me
961 2196 1265 2246 errasse.
1370 2172 1518 2245 Sed
1566 2196 1889 2245 errorem
1945 2172 2200 2267 quem?
2306 2170 2477 2242 Non

392 2287 518 2383 qui
551 2311 596 2360 a
622 2285 902 2360 vitiosis
938 2286 1315 2382 principiis
1342 2298 1545 2358 ortus
1575 2297 1837 2358 caetera
1873 2284 2120 2357 omnia
2145 2307 2475 2356 corrum-

388 2411 621 2496 peret,
673 2401 865 2474 sicut
915 2400 1079 2473 ille:
1135 2423 1272 2473 nec
1323 2400 1416 2472 ab
1469 2399 1888 2494 ignorantia
1938 2397 2476 2494 problematum

389 2513 1125 2587 eminentissimorum
1163 2536 1328 2610 quae
1372 2512 1876 2586 demonstrata
1912 2525 2082 2585 sunt
2109 2514 2264 2608 jam
2301 2510 2477 2585 olim

389 2628 484 2700 ab
520 2626 962 2700 Archimede
1014 2627 1320 2723 aliisque
1354 2627 1758 2699 veteribus:
1814 2627 1944 2698 sed
1985 2625 2078 2698 ab
2123 2650 2234 2715 ec,
2281 2626 2479 2722 quod

392 2763 560 2812 cum
597 2737 923 2811 viderem
967 2754 1326 2834 quantum
1363 2739 1704 2838 quadrati
1753 2739 2015 2813 QRST
2060 2752 2221 2813 erat
2273 2751 2482 2811 extra

393 2851 749 2947 circulum
778 2852 1060 2939 BCDE,
1089 2854 1553 2927 tantumdem
1586 2854 1838 2926 circuli
1870 2877 2029 2925 esse
2057 2866 2268 2925 extra
2303 2877 2482 2948 qua-

394 2965 716 3056 dratum,
754 2964 1259 3061 contemplans
1295 2967 1515 3062 plana
1549 2966 1625 3038 in
1664 2965 1982 3053 sublimi,
2011 2965 2482 3061 pronuntiavi

392 3078 718 3151 securius
764 3101 986 3173 quam
1039 3079 1367 3173 oportuit
1412 3079 1609 3152 idem
1662 3077 1754 3150 de
1801 3081 2090 3175 sphaera
2142 3090 2217 3152 et
2269 3080 2480 3153 cubo.

393 3193 658 3288 Neque
694 3202 806 3263 est
841 3215 973 3264 cur
1006 3191 1433 3264 erubescam
1468 3192 1806 3265 confiteri
1849 3214 2175 3264 errorem
2210 3214 2480 3279 meum,

395 3329 615 3403 quem
651 3304 937 3400 correxi
970 3304 1150 3400 ipse.
1255 3303 1495 3377 Facile
1532 3316 1695 3377 erat
1743 3328 1894 3377 non
1934 3302 2155 3378 modo
2191 3303 2495 3378 Profes-'

395 3419 567 3508 sori,
604 3418 733 3493 sed
769 3418 990 3491 etiam
1019 3416 1319 3490 cuilibet
1351 3417 1705 3490 mediocri
1739 3428 2137 3513 geometrae
2164 3419 2287 3513 qui
2323 3419 2483 3490 ani-

395 3555 597 3604 mum
652 3532 747 3605 ad
804 3531 1261 3627 diagramma
1312 3532 1739 3628 applicaret,
1788 3555 2233 3626 cognoscere
2284 3531 2484 3627 quod

396 3644 697 3740 planum
730 3670 865 3742 per
898 3645 1091 3718 latus
1127 3645 1247 3718 RS
1280 3644 1624 3742 quadrati
1662 3644 1945 3729 QRST,
1968 3644 2045 3716 in
2078 3644 2203 3739 fig.
2241 3644 2268 3716 i
2304 3644 2484 3717 duc-

398 3768 582 3849 tum,
636 3758 1000 3832 abscindit
1051 3782 1093 3832 a
1147 3759 1437 3856 sphaera
1487 3781 1636 3830 non
1689 3757 2003 3831 solidum
2053 3758 2187 3830 sub
2234 3757 2376 3831 QR
2409 3770 2487 3832 et

397 3871 618 3967 plano
656 3870 837 3960 1³00,
874 3871 1007 3945 sed
1052 3872 1355 3969 sphaerae
1402 3883 1887 3968 segmentum.
1992 3870 2268 3943 Mirum
2307 3895 2484 3966 ergo

398 4007 551 4057 non
587 3998 725 4072 est,
760 4008 898 4057 nec
930 3985 1149 4059 laude
1185 3986 1433 4082 aliqua
1465 3985 1643 4058 artis
1676 3996 1806 4058 aut
1838 3984 2118 4079 ingenii
2153 3983 2485 4080 dignum,

399 4098 543 4171 hoc
576 4097 865 4171 vidisse.
969 4099 1371 4197 Diligentia
1405 4099 1562 4173 sola
1588 4122 1771 4195 opus
1808 4110 1992 4188 erat,
2023 4121 2187 4195 quae
2222 4098 2487 4171 invidis

403 4219 480 4283 et
538 4210 911 4285 malevolis
971 4234 1331 4308 nusquam
1389 4212 1618 4286 deest.
1722 4211 1982 4308 Neque
2043 4224 2294 4285 tamen
2350 4236 2488 4307 ego

402 4324 796 4421 indiligens
850 4325 1149 4398 omnino
1197 4349 1420 4399 eram.
1526 4325 1721 4398 Nam
1774 4326 1998 4399 libelli
2050 4326 2195 4399 mei
2247 4350 2486 4400 exem·

405 4437 639 4534 plaria
670 4460 908 4533 pauca
934 4437 1091 4510 sine
1119 4436 1583 4513 dedicatione
1617 4438 1696 4510 in
1728 4439 2103 4535 publicum
2130 4438 2363 4523 emisi,
2400 4450 2486 4510 ut
