3094 5125
617 497 751 577 172'
1036 516 1571 569 EvamNA‘rlo
1612 519 1712 569 ΕΤ
1752 518 1984 569 EMEN
1998 518 2249 570 DAT1o

235 707 536 747 »umens
708 681 805 754 B.
862 682 1258 757 Manifesta
1310 685 1467 758 haec
1528 699 1724 771 sunt,
1759 686 1889 758 sed
1922 709 2069 758 non
2122 684 2301 756 mihi
2337 681 2678 755 videntur

233 790 519 891 ss
605 797 780 870 satis
816 798 1172 892 respicere
1206 798 1300 871 ad
1334 799 1682 894 angulum
1721 808 2125 872 contactuS.

706 909 802 982 A.
856 910 1039 982 Dico
1060 910 1288 1006 igitur
1315 911 1797 1005 quantitatem
1826 910 2075 1006 anguli
2100 919 2485 982 contactus
2520 929 2676 978 esse

606 1023 1094 1118 quantitatem
1154 1023 1529 1096 curvitatis
1583 1023 1983 1120 perimetri,
2020 1047 2239 1118 quam
2286 1019 2675 1115 contingit.

603 1136 788 1209 Vide
835 1137 1143 1233 figuram
1203 1137 1418 1225 hanc,
1466 1138 1594 1209 ubi
1651 1137 1921 1210 centris
1966 1138 2035 1209 A
2202 1179 2241 1217 a
2568 1177 2599 1216 c

603 1259 678 1321 et
707 1250 766 1321 Β
803 1248 1150 1345 descripti
1187 1261 1360 1323 sunt
1395 1249 1541 1322 duo
1580 1249 1832 1321 circuli
1870 1249 2033 1335 CD,
2243 1305 2247 1310 .

605 1362 758 1450 ΟΕ,
812 1364 1138 1459 contigui
1192 1364 1268 1435 in
1323 1363 1410 1436 C.
1512 1364 1753 1436 Ducta
1787 1374 2034 1435 autem
2300 1396 2336 1434 F

603 1489 808 1549 recta
842 1476 979 1549 CD
1015 1501 1269 1550 secans
1325 1477 1677 1550 circulum
1718 1477 2032 1550 alterum
2375 1510 2412 1547 E
2628 1548 2661 1588 B

602 1590 679 1662 in
712 1591 798 1680 E,
836 1591 1146 1664 alterum
1200 1591 1276 1663 in
1309 1590 1403 1681 D,
1439 1616 1588 1665 non
1644 1590 1862 1664 modo
1915 1615 2031 1665 os-
2558 1683 2613 1699 .-

602 1704 840 1777 tendit
890 1704 1085 1799 quod
1138 1705 1407 1778 similes
1452 1729 1665 1779 arcus
1703 1706 1857 1794 ΟΕ,
1895 1704 2030 1778 ΟΙ)
2142 1718 2181 1757 1>
2626 1676 2661 1713 A

603 1817 959 1913 aequalem
1011 1818 1283 1891 habent
1342 1820 1802 1907 curvitatem,
1861 1819 1992 1892 sed
2033 1820 2253 1892 etiam
2301 1820 2497 1915 quod
2549 1821 2674 1894 illa

603 1930 923 2004 curvitas
970 1931 1362 2004 distributa
1408 1932 1502 2004 sit
1550 1932 1625 2004 in
1678 1932 1934 2027 majori
1996 1932 2267 2006 circulo
2326 1959 2457 2030 per
2517 1959 2671 2008 ma-

590 2046 827 2138 jorem
862 2067 1113 2117 arcum
1149 2069 1369 2140 quam
1405 2045 1479 2115 in
1515 2045 1779 2117 minori
1809 2070 1826 2126 ;
1880 2057 2137 2118 contra
2162 2069 2357 2135 vem,
2385 2061 2671 2141 partem

600 2158 735 2230 ΟΕ
772 2158 847 2229 in
883 2158 1163 2231 minore
1223 2157 1618 2252 perimetro
1662 2156 1891 2250 magis
1927 2180 2222 2229 curvam
2258 2182 2416 2230 esse
2454 2184 2670 2255 quam

595 2295 766 2366 pars
824 2271 1200 2365 perimetri
1272 2270 1589 2364 majoriS,
1643 2280 1818 2364 puta
1882 2268 2033 2356 CF,
2086 2269 2222 2365 ipsi
2277 2274 2481 2344 arcui
2534 2274 2669 2345 ΟΕ

600 2382 921 2478 aequaliS,
971 2383 1190 2479 idque
1245 2383 1321 2453 in
1375 2382 1655 2453 ratione
1711 2381 2003 2454 chordae
2056 2385 2353 2479 majoris
2403 2386 2539 2459 CD
2575 2388 2668 2460 ad

595 2496 945 2571 chordam
981 2497 1336 2569 minorem
1373 2495 1530 2585 ΟΕ,
1566 2495 1643 2567 id
1682 2506 1817 2585 est,
1854 2494 1930 2569 in
1984 2496 2265 2571 ratione
2312 2498 2498 2572 radii
2531 2501 2670 2575 ΑΟ

596 2610 690 2684 ad
719 2609 1003 2682 radium
1040 2609 1202 2681 BC.

693 2724 793 2795 B.
849 2722 1049 2795 Nihil
1103 2719 1387 2795 clariuS.
1497 2722 1641 2794 Sed
1710 2722 1887 2818 quid
1948 2724 2106 2798 haec
2174 2727 2270 2799 ad
2320 2729 2669 2825 angulum

594 2835 1026 2909 contactus?

623 2972 624 2975 ’
696 2950 793 3021 Α.
850 2949 1181 3022 Ducatur
1237 2972 1412 3043 ergo
1456 2960 1767 3046 tangens
1819 2951 1973 3040 CG,
2010 2952 2668 3050 determinabitque

593 3063 717 3135 illa
775 3073 1052 3159 quanto
1099 3086 1309 3135 arcus
1356 3063 1508 3152 ΟΕ,
1546 3074 1847 3159 propter
1884 3066 2317 3139 curvitatem
2351 3092 2556 3140 suam
2590 3068 2666 3141 in

593 3198 770 3248 arcu
805 3175 1110 3265 minore,
1147 3175 1379 3270 magis
1413 3175 1693 3248 recedit
1729 3200 1775 3248 a
1808 3160 2156 3273 tangente
2197 3203 2420 3274 quam
2454 3204 2666 3253 arcus

596 3287 760 3373 CD,
795 3300 1098 3385 propter
1133 3289 1571 3361 curvitatem
1607 3288 1911 3362 eandem
1945 3291 2024 3363 in
2058 3316 2234 3364 arcu
2269 3294 2565 3388 majore.

696 3401 793 3474 B.
847 3401 1079 3475 Video
1139 3402 1443 3498 reliqua.
1546 3403 1780 3476 Recta
1831 3428 1876 3476 a
1927 3419 2204 3500 puncto
2261 3417 2665 3496 contactus„

592 3538 759 3588 cum
814 3528 1015 3588 secet
1071 3539 1322 3588 omnes
1393 3516 1704 3589 circulos
1759 3518 2143 3592 interiores
2206 3532 2667 3593 transeuntes

589 3652 722 3726 per
774 3629 833 3701 Ο
878 3630 1544 3725 proportionaliter,
1602 3629 2117 3704 determinabit
2173 3634 2665 3728 quantitatem

588 3742 966 3816 curvitatis
1017 3765 1321 3814 arcuum
1366 3743 1755 3837 aequalium
1790 3744 1863 3816 in
1898 3769 2338 3841 unoquoque
2390 3747 2666 3819 circulo

588 3869 1048 3950 sumptorum
1086 3884 1104 3937 ;
1175 3867 1250 3926 et
1316 3855 1623 3950 proinde
1705 3879 1957 3928 earum
2036 3858 2484 3931 curvitatum
2553 3873 2664 3947 est

587 3992 972 4048 mensura;
1027 3992 1192 4062 quae
1227 3991 1567 4042 mensura
1602 3993 1768 4042 cum
1817 3971 1915 4042 sit
1959 3970 2154 4044 linea
2187 3984 2391 4045 recta
2426 3973 2661 4062 ΟΕΙ),

583 4093 828 4177 partes
863 4082 1018 4176 ejus
1053 4103 1328 4168 omneS,
1365 4081 1752 4177 applicatae
1788 4083 1923 4155 sibi
1970 4084 2307 4175 invicem,
2345 4086 2661 4181 aequales

583 4220 749 4267 cum
778 4195 1177 4290 aequalibus
1203 4206 1634 4290 congruent.
1711 4197 1957 4271 Quare
1993 4198 2242 4293 anguli
2280 4210 2660 4272 contactus

581 4308 777 4381 inter
804 4333 881 4381 se
908 4308 1342 4402 homogenei
1378 4319 1574 4397 sunt,
1604 4308 2019 4403 habentque
2047 4312 2559 4406 quantitatem,
2587 4325 2661 4386 et

583 4436 756 4495 sunt
791 4423 1075 4518 angulis
1110 4421 1504 4495 rectilineis
1552 4422 2043 4519 heterogenei.
2149 4425 2376 4520 Perge
2411 4426 2655 4498 modo.
