3094 5125
715 471 803 537 10
1141 487 1679 541 EXAMINATIO
1720 486 1824 538 ET
1863 486 2363 539 EMENDATIO

334 672 636 716 numana
707 651 1055 749 dependit
1088 678 1132 727 a
1164 678 1372 750 prop.
1413 660 1526 743 16,
1556 653 1680 726 lib.
1710 654 1805 726 vi.
1859 653 2408 727 Elementorum
2441 650 2775 737 Euclidis,

333 755 617 858 s-ss-ae
705 777 780 838 et
839 790 885 838 a
934 790 1142 864 prop.
1179 774 1303 857 47,
1358 768 1483 841 lib.
1519 768 1569 841 i.
1619 765 1970 863 ejusdem,
2026 766 2330 862 aliisque
2389 766 2778 840 notissimis

703 880 1351 974 propositionibuS,
1423 902 1604 976 quas
1669 890 1965 975 oportet
2031 879 2233 975 prius
2292 879 2501 967 scire,
2559 903 2780 975 quam

705 992 867 1087 quis
901 992 1134 1088 possit
1177 993 1291 1066 uti
1339 992 1595 1089 regula
1646 993 1988 1088 algebrae.
2091 992 2325 1081 Adeo,
2360 993 2781 1089 geometriae

703 1105 1000 1200 algebra
1034 1104 1370 1196 debetur,
1423 1131 1574 1180 non
1609 1105 1714 1179 illi
1746 1105 2177 1202 geometria.
2282 1106 2475 1178 Nam
2510 1106 2781 1200 absque

702 1217 865 1306 hac,
919 1219 1327 1313 quaesitum,
1365 1219 1503 1293 etsi
1552 1219 1631 1292 in
1682 1217 2100 1314 aequatione
2135 1218 2620 1307 contineatur,
2649 1243 2781 1292 sae-

700 1329 995 1424 pissime
1053 1331 1460 1426 ignoratur.
1564 1330 1724 1402 Imo
1763 1353 1936 1402 vero
1990 1330 2149 1424 ipsa
2190 1327 2594 1426 Analytica
2633 1355 2782 1428 per

687 1451 1136 1539 potestate-³,
1164 1444 1314 1516 sive
1350 1466 1517 1516 cum
1553 1442 1899 1539 symbolis
1934 1442 2087 1515 sive
2122 1443 2397 1540 absque
2433 1444 2780 1539 symbolis

702 1568 1151 1645 exerceatur,
1189 1556 1372 1629 adeo
1410 1568 1522 1629 est
1558 1557 1826 1653 exigua
1869 1580 2037 1652 pars
2072 1557 2461 1653 analyticae
2494 1558 2780 1631 univer-

703 1669 897 1758 saliS,
954 1683 1040 1743 ut
1105 1671 1346 1744 nullus
1402 1672 1560 1765 ejus
1611 1695 1851 1767 neque
1904 1671 1982 1743 in
2035 1671 2343 1763 anguliS,
2396 1695 2638 1767 neque
2706 1672 2779 1743 in

702 1782 1016 1870 circuliS,
1051 1808 1289 1880 neque
1346 1784 1425 1857 in
1467 1783 1718 1859 solidis
1758 1806 1934 1855 usus
1983 1782 2102 1870 sit,
2139 1782 2269 1855 sed
2324 1783 2779 1857 solummodo

699 1896 777 1968 in
814 1896 1506 1993 parallelogrammis
1547 1896 1995 1992 rectangulis
2037 1907 2111 1968 et
2147 1896 2530 1991 triangulis
2565 1898 2777 1970 recti·

699 2009 932 2084 lineis,
1034 2011 1277 2084 Etiam
1335 2011 1413 2084 in
1467 2011 1582 2084 his
1628 2011 1771 2083 hoc
1824 2019 2112 2082 tantum
2164 2022 2490 2104 praestat,
2546 2020 2629 2083 ut
2680 2010 2776 2098 id,

699 2123 898 2219 quod
951 2125 1030 2196 in
1089 2124 1380 2198 illarum
1436 2146 1615 2219 quas
1684 2121 1903 2194 modo
1971 2120 2124 2194 dixi
2191 2122 2778 2217 propositionum

697 2235 1087 2309 verborum
1146 2234 1542 2308 involucris
1606 2233 2049 2323 continetur,
2098 2257 2353 2307 eruere
2386 2234 2776 2308 valeamus.

697 2346 1057 2445 Analysis
1108 2349 1302 2422 enim
1356 2371 1508 2446 per
1563 2356 2014 2444 potestate-5,
2075 2371 2225 2420 non
2292 2348 2631 2443 procedit
2684 2351 2775 2422 ab

699 2462 965 2534 effectu
991 2461 1086 2534 ad
1121 2485 1438 2550 causam,
1463 2461 1594 2534 sed
1623 2461 1713 2533 ab
1742 2484 1890 2534 una
1922 2461 2370 2557 proprietate
2405 2460 2501 2535 ad
2533 2461 2776 2551 aliam,

694 2599 870 2665 non,
905 2589 989 2649 ut
1021 2587 1132 2649 est
1183 2589 1450 2649 natura
1500 2600 1762 2663 causae,
1810 2575 2151 2670 priorem,
2200 2575 2329 2649 sed
2379 2576 2470 2649 ab
2520 2576 2774 2649 eadem

696 2711 919 2760 causa
951 2689 1297 2784 genitam.
1399 2689 1789 2786 Analytica
1822 2712 1998 2785 ergo
2035 2690 2193 2762 haec
2227 2712 2345 2762 res
2379 2688 2776 2763 admodum

696 2813 1010 2898 angusta
1043 2813 1178 2891 est,
1208 2825 1623 2899 quanquam
1651 2801 1746 2875 ad
1778 2801 2410 2897 trigonometriam
2443 2803 2521 2875 in
2557 2804 2774 2876 rectis

696 2914 905 2987 lineis
959 2914 1441 2988 exercendam
1486 2939 1637 2988 non
1672 2915 1970 2989 omnino
2008 2915 2333 2995 inutilisz
2387 2939 2644 2989 verum
2678 2918 2772 2990 ob

695 3052 1034 3123 magnam
1081 3027 1631 3100 multitudinem
1688 3027 2209 3123 symbolorum,
2246 3029 2510 3125 quibus
2552 3029 2773 3103 hodie

694 3152 1066 3228 oneratur,
1101 3164 1248 3213 una
1282 3163 1449 3213 cum
1480 3139 1665 3212 falsa
1716 3140 2055 3235 opinione
2098 3140 2297 3236 quod
2330 3141 2493 3236 plus
2532 3141 2774 3215 valeat

695 3254 854 3349 ipsa
913 3252 1299 3326 methodus
1352 3276 1570 3347 quam
1614 3275 1871 3325 revera
1901 3252 2119 3342 valet,
2158 3277 2292 3348 pro
2346 3266 2552 3349 peste
2596 3279 2773 3351 geo-

695 3367 975 3439 metriae
1008 3365 1347 3438 habenda
1378 3377 1513 3438 est.
1617 3364 1799 3437 Inde
1848 3364 2042 3437 enim
2094 3376 2204 3438 est
2240 3365 2439 3461 quod
2471 3367 2770 3441 investi-

692 3481 894 3577 gatio
930 3503 1338 3567 causarum,
1374 3504 1420 3551 a
1452 3502 1599 3575 qua
1631 3479 1786 3551 sola
1823 3479 2100 3574 sperari
2150 3490 2392 3575 potest
2437 3481 2769 3571 scientia,

692 3594 1114 3690 negligitur,
1148 3592 1517 3680 nimirum,
1555 3602 1854 3687 propter
1884 3614 2087 3687 spem
2121 3590 2395 3665 factam
2430 3618 2476 3665 a
2508 3618 2770 3689 parum

692 3720 907 3780 acute
939 3705 1355 3780 videntibus
1388 3705 1780 3801 magistriS‚
1813 3727 2028 3800 posse
2062 3729 2196 3800 per
2228 3705 2771 3781 arithmeticam

690 3820 1094 3916 speciosam
1126 3818 1408 3891 nullum
1442 3841 1591 3891 non
1625 3816 2003 3912 problema
2036 3817 2221 3890 solvi
2252 3849 2271 3902 ;
2316 3842 2483 3891 cum
2519 3830 2768 3894 tamen

691 3933 1169 4030 problemata,
1197 3956 1362 4028 quae
1397 3941 1683 4004 veteres
1718 3930 2000 4003 solvere
2036 3954 2186 4002 non
2218 3943 2643 4027 potuerunt,
2671 3934 2769 4008 ad

690 4049 887 4121 hunc
920 4069 1153 4141 usque
1206 4044 1399 4117 diem
1449 4054 1798 4116 maneant
1847 4043 2187 4117 insoluta.
2289 4045 2456 4118 Jam
2492 4045 2767 4142 siquid

690 4173 949 4236 contra
980 4161 1140 4233 haec
1177 4157 1569 4232 dicendum
1602 4156 1893 4240 habeaS,
1930 4155 2330 4230 audiamus.

788 4277 888 4349 B.
950 4273 1156 4348 Nihil
1223 4285 1485 4346 contra
1551 4270 1739 4342 dico.
1858 4270 2015 4342 Etsi
2083 4271 2278 4343 enim
2346 4270 2557 4345 multi
2624 4272 2763 4344 hac

687 4388 1034 4462 methodo
1068 4389 1143 4460 in
1179 4384 1651 4483 problematis
1677 4382 1928 4457 solidis
1955 4384 2067 4457 usi
2100 4385 2271 4472 sint,
2294 4385 2369 4457 in
2399 4409 2486 4459 eo
2516 4398 2761 4459 tamen
