3094 5125
417 479 570 548 302
1378 492 1489 546 An
1532 491 1847 544 anunm.

517 691 904 778 Praeterea,
971 687 1158 761 nihil
1219 687 1478 784 scripsi
1546 697 1807 761 contra
1874 686 2403 782 episcopatum,
2464 707 2706 779 neque

419 853 678 915 contra
704 838 1129 937 episcopum
1154 863 1590 936 quemquam
1612 848 2170 936 protestantem.
2261 837 2504 912 Quam
2525 860 2706 933 ergo

421 1016 716 1066 causam
749 990 1019 1065 habeat
1052 990 1559 1086 episcoporum
1592 1002 2014 1063 nostrorum
2042 988 2423 1085 quisquam
2460 987 2553 1060 de
2586 1012 2706 1060 me

421 1140 770 1239 loquendi
820 1151 1173 1236 tanquam
1234 1139 1326 1214 de
1381 1141 1646 1230 Athe0,
1700 1139 1919 1237 plane
1972 1139 2245 1212 nescio,
2349 1136 2709 1210 Nonnulli

425 1301 672 1363 tamen
707 1312 985 1376 eorum,
1021 1300 1104 1362 ut
1141 1289 1385 1378 audio,
1421 1289 1496 1362 id
1533 1287 1815 1362 faciunt
1846 1317 1863 1360 :
1916 1301 2138 1384 atque
2172 1288 2391 1361 etiam
2428 1287 2624 1361 illam
2661 1311 2710 1359 a

424 1439 814 1513 clementia
839 1457 969 1512 tua
993 1439 1400 1535 profectam
1420 1439 1902 1528 Amne-stiam,
1919 1462 2066 1535 qua
2090 1452 2168 1511 et
2199 1438 2340 1534 ipsi
2365 1437 2476 1511 usi
2504 1448 2702 1527 sunt,

426 1587 607 1661 mihi
666 1587 1100 1677 invidentes,
1152 1589 1345 1662 illius
1405 1588 1573 1662 libri
1632 1589 2059 1661 memoriam
2120 1611 2291 1660 cum
2349 1584 2712 1660 dedecore

427 1761 616 1827 meo,
653 1737 729 1810 in
765 1736 1118 1811 concione
1152 1739 1376 1811 etiam
1403 1761 1649 1811 coram
1676 1751 1752 1811 te
1787 1738 1971 1834 ipm,
1998 1747 2258 1810 contra
2279 1735 2715 1808 charitatem

430 1884 919 1960 Christianam
946 1885 1316 1959 refricant.

531 2036 901 2112 Quoniam
967 2049 1214 2111 autem
1282 2039 1648 2135 plerisque
1716 2063 1970 2113 eorum
2040 2038 2412 2135 displicuit
2491 2038 2716 2111 etiam

427 2188 612 2262 liber
645 2213 851 2263 meus
893 2211 998 2263 DE
1054 2211 1279 2279 mvn,
1313 2191 1390 2264 in
1426 2216 1573 2288 quo
1608 2192 1957 2288 dogmata
2008 2191 2134 2264 illa
2186 2191 2448 2288 quibus
2485 2192 2716 2264 offen-

432 2339 707 2413 duntur
746 2362 897 2413 non
951 2322 1333 2436 apparent,
1376 2339 1535 2412 fieri
1579 2352 1828 2435 potest
1875 2354 1960 2414 ut
2007 2363 2203 2435 aegre
2236 2339 2482 2412 ferant
2516 2338 2718 2434 quod

431 2490 780 2565 Ecclesiae
815 2489 1336 2562 authoritatem
1367 2489 1780 2586 dependere
1814 2491 2078 2565 faciam
2124 2516 2170 2566 a
2200 2503 2566 2589 potestate
2599 2515 2712 2565 re·

431 2640 584 2738 gia:
622 2639 697 2713 id
720 2639 918 2736 quod
945 2640 1166 2714 credo
1190 2665 1337 2714 non
1361 2641 1726 2715 videbitur
1747 2643 2123 2738 Majestati
2147 2656 2293 2718 tuae
2314 2644 2718 2732 atheismus

431 2813 671 2886 neque
725 2789 1049 2880 mre-ris,
1087 2814 1255 2864 cum
1308 2790 1635 2866 Ecclesia
1689 2793 2099 2890 Anglicana
2151 2791 2333 2866 nihil
2387 2792 2587 2867 aliud
2620 2794 2720 2867 sit

435 2965 654 3038 quam
687 2940 1000 3037 populus
1026 2953 1223 3017 tuus,

536 3097 583 3130 “
613 3092 760 3165 Sed
788 3092 965 3188 quid
998 3094 1149 3181 tu’'‚
1178 3093 1475 3188 objiciet
1510 3092 1796 3188 aliquiS,
1825 3097 1869 3130 “
1900 3092 2198 3165 omnino
2224 3093 2384 3166 haec
2420 3103 2718 3180 tractaS‚

435 3266 601 3316 cum
631 3242 887 3341 religio
915 3268 1064 3317 non
1098 3242 1580 3340 philosophiae
1612 3267 1783 3339 pars
1817 3243 1936 3333 sit,
1971 3243 2100 3316 sed
2135 3243 2314 3339 legis
2344 3243 2416 3315 ?”

536 3396 765 3468 Recte
792 3393 1086 3491 quidem
1120 3395 1286 3484 hoc,
1322 3394 1682 3490 siquidem
1706 3395 1830 3491 qui
1866 3395 1972 3468 sic
2006 3394 2386 3490 objiciunt,
2414 3395 2518 3468 sic
2553 3417 2718 3467 sen-

435 3547 684 3622 tirent.
788 3546 935 3620 Sed
991 3569 1156 3618 mea
1208 3546 1368 3619 haec
1427 3546 1553 3619 illo
1610 3556 1937 3643 tempore
1997 3547 2525 3636 scribebantur,
2573 3570 2720 3642 quo

438 3697 776 3792 Regnum
813 3695 1083 3768 Christi
1118 3695 1419 3768 summis
1439 3694 1836 3769 sceleribus
1864 3696 2484 3792 praetendebatur.
2539 3698 2583 3770 J
2587 3720 2721 3770 ure

438 3869 614 3942 ergo
693 3843 1137 3943 hypocrisim
1217 3843 1738 3917 sceleratorum
1815 3845 2196 3920 hominum
2273 3848 2720 3944 indignatuS‚

442 3995 842 4091 Scripturae
879 3995 1120 4067 Sacrae
1155 3993 1247 4065 de
1282 3993 1541 4089 Regno
1578 3994 1716 4067 Dei
1763 3996 1936 4092 quid
1985 3997 2314 4072 dicerent
2366 4011 2724 4096 quantum

439 4145 646 4243 potui
683 4144 1132 4241 penitissime
1168 4144 1473 4217 scrutari
1512 4145 1761 4218 statui.

538 4294 795 4368 Tantae
821 4294 1047 4390 igitur
1085 4293 1468 4368 calumniae
1508 4316 1728 4367 causa
1762 4293 1836 4366 in
1874 4293 2079 4367 libris
2123 4295 2301 4368 meis
2344 4295 2543 4369 nulla
2588 4309 2721 4368 est.
