3094 5125
772 503 1396 556 mumma-rma:
1437 505 1928 557 HonmnNAE.
2293 491 2389 557 49

278 679 483 742 atum
536 691 714 743 esse
765 671 912 766 jus,
959 672 1074 745 vel
1115 672 1334 746 aliam
1392 696 1551 746 rem
1619 695 2152 770 quamcunque,
2211 683 2390 745 tunc

278 781 581 876 quando
643 806 899 880 neque
950 784 1109 881 ipsa
1166 809 1410 881 neque
1461 785 1614 858 ulla
1671 787 1829 881 ejus
1885 808 2057 881 pars
2115 784 2388 857 existit.

281 894 424 971 Sed
480 919 739 991 quare
792 897 1010 969 homo
1060 897 1647 986 mathematicus,
1703 897 1796 971 de
1854 897 2392 970 mathematicis

278 1008 644 1098 scribenS,
719 1009 1055 1106 exemplo
1105 1010 1342 1084 utitur
1382 1009 1622 1107 juris?
1745 1011 1866 1083 An
1924 1010 2150 1083 etiam
2201 1010 2392 1105 juris

282 1125 605 1200 Romani
636 1126 933 1223 peritus
966 1127 1130 1200 est?
1207 1128 1329 1201 An
1363 1128 1613 1224 potius
1640 1151 1775 1224 per
1796 1128 1940 1201 hoc
1975 1125 2392 1222 exemplum

280 1239 437 1312 fieri
470 1263 713 1338 posse
751 1242 1093 1337 sperabat
1125 1253 1212 1315 ut
1245 1264 1407 1315 esse
1441 1240 1919 1315 crederetur?

381 1353 480 1425 B.
542 1354 839 1428 Nescio
873 1379 1095 1441 sane;
1148 1356 1281 1430 sed
1332 1355 1542 1429 illum
1590 1379 1787 1428 nunc
1838 1353 2163 1450 incipere
2213 1364 2392 1450 puto

285 1489 331 1539 a
355 1466 768 1565 principio,
804 1480 890 1541 ut
922 1468 1045 1541 ille
1078 1480 1322 1558 vocat,
1356 1466 1614 1541 ultimo
1650 1467 1845 1565 quod
1871 1491 2036 1541 non.

381 1578 476 1654 A.
548 1581 801 1655 Unum
854 1582 1101 1680 igitur
1144 1606 1517 1656 numerum
1572 1606 1738 1656 esse
1795 1582 2082 1677 qffirmo
2105 1606 2134 1663 ,·
2182 1579 2393 1652 mini-

294 1716 471 1766 mam
516 1695 730 1769 enim
778 1703 917 1784 est,
958 1694 1163 1792 quod
1211 1695 1650 1790 affirmative
1710 1692 2109 1792 respondet
2161 1717 2394 1791 qnaes-

296 1803 495 1892 tioni,
567 1831 807 1905 quam
875 1805 1315 1885 multa—Si
1383 1807 1627 1881 dicam
1685 1806 2112 1902 responderi
2171 1806 2395 1878 etiam

297 1939 503 2010 posse
535 1944 682 2016 per
709 1919 1010 2010 nullum,
1035 1921 1188 1994 scio
1224 1921 1421 2018 quod
1456 1922 1705 2016 exiget
1737 1931 1825 1993 ut
1864 1917 2396 2014 respondeatur

301 2030 764 2107 affirmative.
868 2033 1052 2106 Dico
1089 2057 1265 2129 ergo
1304 2033 1719 2131 quaestioni,
1774 2041 1953 2131 quot
1988 2030 2140 2104 sive
2174 2055 2396 2128 quam

298 2143 546 2235 mlta,
584 2171 750 2219 non
795 2147 1096 2220 omnino
1148 2145 1579 2244 responderi
1614 2156 1786 2242 apte
1820 2157 1899 2217 et
1929 2143 2146 2239 plene
2177 2166 2396 2239 posse

304 2257 449 2331 sine
496 2260 932 2356 negatione.
1035 2260 1231 2335 Nam
1292 2261 1418 2356 qui
1468 2259 1759 2333 unicum
1808 2258 2085 2331 habens
2115 2256 2394 2351 filium,

301 2374 662 2463 quaerenti
730 2384 915 2471 quot
957 2375 1262 2448 haberet
1296 2374 1511 2461 filios,
1562 2372 1958 2470 respondet
1989 2394 2124 2468 per
2158 2394 2397 2458 unum,

307 2505 447 2557 non
482 2487 667 2560 satis
704 2489 925 2584 plene
951 2487 1370 2585 respondet,
1393 2488 1568 2585 quia
1602 2498 1677 2561 et
1710 2486 1836 2583 qui
1870 2486 2115 2584 plures
2149 2484 2397 2571 habet,

306 2618 526 2672 unum
586 2601 848 2674 habet.
953 2600 1576 2699 Respondendum
1645 2624 1822 2697 ergo
1884 2624 2033 2674 non
2094 2611 2206 2673 est
2264 2623 2398 2694 per

309 2733 509 2785 mm
564 2713 705 2787 sed
755 2738 891 2809 per
934 2715 1242 2804 unicum,
1277 2714 1356 2788 id
1402 2725 1540 2801 est,
1575 2738 1805 2787 unum
1837 2738 1975 2787 nec
2014 2714 2283 2811 plureS,
2321 2712 2398 2785 id

315 2834 440 2912 est,
475 2849 629 2899 non
689 2826 853 2900 sine
893 2828 1310 2923 negatione.
1415 2827 1534 2900 Ita
1577 2827 1800 2900 etiam
1834 2826 1896 2899 si
1930 2824 2395 2923 respondeat,

312 2934 543 3027 plures
596 2939 906 3029 habenS,
964 2940 1174 3030 duos,
1220 2964 1371 3013 non
1425 2940 1642 3036 plene
1700 2940 2120 3035 respondet,
2175 2962 2398 3035 prop-

315 3056 503 3123 terea
555 3051 792 3149 quod,
827 3053 953 3149 qui
1001 3064 1151 3127 tres
1201 3053 1447 3143 habet,
1485 3051 1669 3126 duos
1713 3052 1959 3126 habet.
2063 3051 2397 3148 Respon-

317 3158 624 3238 dendum
685 3189 864 3261 ergo
907 3177 1019 3239 est
1061 3189 1196 3262 per
1246 3166 1430 3240 duos
1462 3191 1598 3238 nec
1636 3164 1930 3263 plures,
1965 3165 2037 3239 id
2076 3178 2208 3254 est,
2246 3189 2397 3238 non

318 3271 459 3346 sine
491 3279 917 3375 negatione.
1022 3278 1214 3353 Illud
1248 3304 1450 3376 ergo,
1487 3280 1687 3376 quod
1719 3303 1855 3376 pro
1893 3303 2114 3354 causa
2156 3280 2399 3354 adfert

322 3407 526 3479 quare
552 3391 961 3466 crediderit
984 3418 1199 3466 unum
1224 3417 1391 3466 esse
1413 3418 1806 3481 numerum,
1829 3417 2050 3467 causa
2068 3416 2222 3466 esse
2245 3418 2396 3466 non

319 3503 567 3591 potuit.
643 3504 820 3578 Vin’
849 3529 1171 3595 causam,
1206 3530 1432 3602 quare
1467 3506 1544 3580 id
1580 3518 1839 3580 contra
1872 3519 2032 3581 tum
2066 3518 2395 3580 veterum

324 3619 464 3687 tum
493 3618 909 3691 recentium
942 3619 1269 3692 omnium
1295 3620 1735 3693 sententiam
1759 3643 2015 3693 verum
2049 3643 2206 3694 esse
2241 3645 2397 3693 cre-

324 3722 597 3820 diderit,
637 3729 885 3804 dicam
920 3754 1083 3828 ego,
1120 3731 1247 3828 qui
1279 3756 1443 3806 eam
1477 3732 1630 3805 scio
1671 3733 1932 3807 melius
1966 3756 2187 3830 quam
2219 3733 2392 3806 ille?

415 3839 507 3914 B.
555 3843 777 3918 Volo,

415 3955 506 4030 A.
556 3957 749 4031 Cum
785 3957 1078 4053 legebat
1101 3980 1576 4031 numerorum
1601 3957 1818 4031 cifras
1854 3967 1916 4046 l,
1938 3967 2009 4048 2,
2033 3968 2104 4048 3,
2126 3967 2198 4048 4,
2222 3970 2389 4045 etc.,

329 4064 431 4138 vel
460 4092 622 4142 cum
657 4069 1006 4143 audiebat
1039 4071 1340 4144 nomina
1371 4095 1624 4160 unum,
1661 4071 1832 4158 duo,
1859 4072 2023 4161 tria,
2051 4085 2388 4168 quatuor,

334 4187 481 4268 etc.,
515 4183 732 4257 cifras
787 4183 948 4256 illas
1004 4196 1082 4256 et
1140 4183 1441 4257 nomina
1485 4184 1613 4258 illa
1663 4209 1798 4282 pro
1844 4184 2168 4259 numeris
2214 4184 2390 4280 ipsis

332 4294 696 4390 nominatis
732 4295 1190 4392 intelligebat
1221 4324 1239 4370 z
1291 4308 1377 4368 ut
1411 4308 1484 4371 et
1516 4298 1734 4395 paulo
1772 4310 1967 4386 ante,
1996 4319 2164 4369 cum
2199 4296 2393 4370 dice-

338 4416 435 4479 ret
464 4432 593 4483 vox
628 4410 877 4483 unitas
912 4419 1024 4482 est
1056 4433 1411 4483 numerus.

509 4545 693 4599 vol..
727 4545 842 4597 ιν.
2139 4542 2189 4594 11

2469 700 2693 740 DIALoc
2702 699 2772 739 US

2592 782 2632 822 1.
