3094 5125
765 511 1401 564 MATHEMATmAE
1441 510 1931 564 Romanula.
2248 498 2385 562 123

289 676 353 750 si
387 676 911 773 rectangulum
958 676 1248 750 dicatur
1293 699 1452 750 esse
1497 685 1611 767 12,
1665 676 2104 774 intelligitur
2155 676 2391 750 conti·
2462 699 2768 744 »mouns

287 813 471 863 nere
515 798 605 862 12
660 790 1100 886 rectangula
1147 791 1459 887 aequalia
1509 800 1586 864 et
1633 792 1777 864 toti
1826 790 2138 874 similia;
2193 788 2392 884 quod
2475 852 2486 868 ,
2579 782 2668 822 ¹¹¹·
2744 848 2762 868 ,

291 903 357 975 si
392 902 777 975 dividatur
811 926 948 999 per
980 911 1054 992 6,
1109 903 1544 998 intelligitur
1594 927 1727 1000 per
1761 912 1833 993 6,
1892 926 2020 977 sex
2081 927 2173 976 ex
2232 903 2394 977 istis

291 1015 776 1112 rectangulis.
885 1016 1000 1089 Ita
1032 1027 1116 1089 ut
1160 1017 1222 1089 si
1258 1028 1633 1111 quaeratur
1686 1016 1977 1113 quoties
2023 1024 2069 1088 6
2106 1026 2395 1090 rectan-

294 1130 478 1227 gula
523 1129 1052 1203 contineantur
1095 1130 1172 1203 in
1218 1139 1306 1204 12
1361 1131 1810 1226 rectangulis
1861 1129 2192 1227 ejusdem
2226 1153 2396 1203 cum

293 1244 446 1316 illis
498 1243 1058 1339 magnitudiniS,
1105 1243 1670 1340 respondebitur
1728 1243 2164 1334 (secundum
2217 1267 2397 1339 quo-

296 1356 646 1449 tientem)
717 1364 789 1430 2.
920 1358 954 1430 1
961 1369 1183 1454 taque
1250 1357 1645 1455 applicatio
1707 1372 2254 1456 geometrarum
2322 1369 2401 1431 et

300 1469 567 1543 divisio
621 1468 1256 1544 arithmeticorum
1308 1470 1567 1544 eadem
1620 1471 1776 1546 fere
1825 1495 1944 1546 res
1988 1484 2125 1561 est,
2178 1482 2263 1545 ut
2321 1483 2400 1545 et

304 1583 559 1658 ductio
621 1595 1171 1678 geometrarum
1226 1594 1303 1656 et
1358 1583 1991 1660 arithmeticorum
2052 1584 2400 1682 multipli-

304 1698 546 1782 catio;
600 1697 747 1769 nisi
783 1697 979 1792 quod
1017 1696 1529 1794 multiplicatio
1566 1698 1781 1772 lineae
1822 1722 1954 1794 per
1984 1721 2400 1786 numerum,

305 1835 690 1907 nunquam
750 1811 1098 1907 producit
1165 1812 1652 1908 superficiem,
1723 1811 1853 1885 sed
1911 1812 2192 1895 lineas;
2262 1835 2401 1883 nec

307 1924 709 2022 applicatio
741 1925 1033 1997 numeri
1066 1923 1162 1997 ad
1195 1924 1497 2019 planum
1531 1924 1714 1997 facit
1746 1949 2071 2020 unquam
2106 1923 2400 1997 lineam.

313 2038 531 2113 Quod
567 2048 823 2111 autem
869 2038 1087 2128 latuS,
1123 2036 1201 2111 id
1247 2049 1359 2111 est
1398 2038 1616 2128 linea,
1652 2060 1787 2134 per
1839 2036 2406 2135 applicationem

308 2151 650 2248 prodeat,
688 2174 860 2224 cum
893 2174 1025 2247 per
1058 2150 1489 2225 divisionem
1522 2151 1835 2247 prodeat
1866 2173 2216 2223 numerus
2248 2173 2408 2222 rec-

311 2265 814 2362 tangulorum,
851 2263 929 2337 id
965 2264 1355 2360 contingit,
1392 2265 1570 2361 quia
1614 2263 2015 2338 similitudo
2050 2276 2128 2338 et
2161 2287 2406 2359 aequa-

310 2380 478 2454 litas
510 2379 1119 2474 rectangulorum
1142 2379 1323 2453 facit
1351 2389 1435 2452 ut
1461 2379 1776 2453 alterum
1806 2379 2102 2474 quidem
2127 2375 2409 2450 indicet

310 2516 708 2568 numerum
776 2491 1376 2590 rectangulorum
1445 2490 1790 2566 similium
1845 2503 1920 2566 et
1989 2490 2406 2588 aequalium,

313 2610 635 2682 alterum
691 2629 868 2679 vero
925 2630 1314 2680 numerum
1377 2606 2017 2702 multiplicantem.
2149 2605 2411 2701 Neque

315 2722 399 2794 in
449 2719 906 2816 rectangulis
969 2731 1282 2810 tantum,
1345 2719 1477 2793 sed
1534 2721 1758 2794 etiam
1824 2720 1903 2792 in
1964 2718 2412 2817 quibuslibet

317 2833 1021 2931 parallelogrammis
1055 2833 1252 2906 idem
1277 2833 1572 2907 accidit.
1661 2832 1883 2908 Quod
1911 2857 2079 2906 cum
2108 2833 2230 2905 ille
2256 2855 2410 2905 non

320 2947 633 3035 videret,
664 2946 849 3018 mire
879 2969 957 3019 se
983 2957 1303 3043 torquet,
1336 2944 1564 3019 cruda
1590 2957 1667 3019 et
1692 2945 2057 3042 indigesta
2082 2947 2413 3041 cogitata

324 3083 456 3132 sua
491 3059 864 3154 explicare
904 3060 1230 3155 cupiens,
1333 3059 1593 3155 Itaque
1628 3058 2057 3132 divisionem
2091 3081 2248 3132 esse
2282 3081 2411 3131 ne-

324 3187 476 3273 gat,
537 3176 683 3249 nisi
741 3199 1207 3268 καταχρηιηικῶς,
1244 3175 1842 3272 quotientemque
1907 3199 2060 3248 non
2116 3174 2414 3271 proprie

328 3289 475 3364 dici
543 3289 622 3363 id
700 3287 902 3385 quod
971 3289 1244 3384 prodit,
1312 3310 1451 3360 nec
1523 3287 1969 3384 respondere
2049 3287 2417 3383 questioni

329 3414 506 3501 quot
571 3416 703 3476 aut
771 3402 1058 3500 quoties
1086 3431 1116 3487 ;
1202 3426 1372 3476 cum
1440 3413 1692 3474 tamen
1757 3400 2231 3475 manifestum
2299 3399 2417 3487 sit,

331 3516 429 3606 id,
493 3514 696 3613 quod
748 3516 1025 3612 prodit,
1084 3539 1241 3589 esse
1297 3515 1493 3588 latus
1546 3515 1757 3610 cujus
1813 3525 2194 3611 segmenta
2246 3526 2421 3588 sunt

330 3651 678 3701 numerus
728 3639 1278 3724 segmentorum
1330 3625 1666 3700 indicans
1722 3627 2010 3723 quoties
2067 3650 2418 3700 numerus

333 3742 700 3815 minorum
752 3741 1603 3838 parallelogrammorum
1656 3742 2126 3815 contineatur
2160 3741 2237 3814 in
2287 3766 2419 3837 pa-

334 3854 920 3952 rallelogrammo
955 3865 1141 3927 toto,
1236 3853 1573 3949 Exempli
1607 3856 1891 3950 gratia;
1928 3856 2005 3928 in
2039 3854 2421 3951 parallelo-

333 3991 669 4064 grammo
725 3967 1045 4056 ABCD,
1098 3965 1331 4040 diviso
1369 3966 1512 4038 AB
1559 3967 1639 4041 in
1690 3975 1737 4041 6
1781 3981 2026 4065 partes
2075 3967 2418 4063 aequales,

334 4093 412 4154 et
458 4081 599 4155 Ac
653 4080 733 4153 in
789 4086 837 4151 2
887 4092 1136 4175 partes
1193 4084 1508 4180 aequales
1562 4083 1727 4173 ΑΕ,
1790 4082 1948 4167 EC,
2005 4081 2197 4154 latus
2257 4077 2420 4167 AC,

333 4218 597 4291 nempe
687 4194 1051 4290 quotienS,
1122 4209 1235 4269 est
1303 4207 1374 4285 2,
1442 4195 1778 4269 indicans
1846 4218 1974 4267 sex
2038 4191 2423 4290 parallelo-

333 4331 670 4404 gramma
730 4315 1079 4381 contenta
1144 4309 1222 4381 in
1288 4311 1355 4382 A
1387 4309 1445 4380 F
1513 4306 1878 4381 contineri
1942 4306 2055 4378 bis
2123 4305 2200 4376 in
2261 4315 2423 4377 toto

332 4422 1019 4518 parallelogrammo
1080 4418 1144 4492 B
1169 4421 1249 4495 C.
1406 4419 1691 4494 Deinde
1757 4419 1979 4514 paulo
2045 4428 2235 4513 post,
2304 4414 2426 4489 ubi
