3094 5125
629 431 774 512 378

1210 805 1814 884 DUPLICATIO
1868 809 2126 884 CUBI.

728 1195 842 1269 Sit
881 1195 988 1287 (in
1023 1195 1150 1292 fig.
1197 1196 1266 1290 l)
1309 1194 1485 1269 data
1517 1193 1677 1286 AV,
1713 1208 1917 1271 secta
1949 1197 2027 1271 in
2066 1196 2160 1287 D,
2196 1196 2305 1271 ita
2338 1208 2425 1271 ut
2449 1198 2586 1272 AD
2616 1200 2717 1274 sit

626 1309 850 1406 dupla
883 1309 1041 1383 DV.

726 1423 1186 1498 Quadratum
1221 1422 1315 1495 ab
1352 1422 1512 1508 AD,
1538 1424 1818 1519 majore
1853 1436 2261 1519 segmento,
2288 1424 2385 1497 sit
2418 1424 2709 1499 ABCD.

724 1536 840 1609 Sit
877 1548 1038 1610 tum
1073 1537 1208 1609 BR
1256 1547 1417 1610 tum
1453 1537 1575 1610 AS
1627 1536 1928 1633 aequalis
1978 1538 2533 1635 semidiagonali
2573 1539 2703 1612 AI.

722 1648 1181 1723 Producatur
1216 1650 1344 1723 CD
1379 1651 1456 1723 in
1495 1650 1576 1737 P,
1611 1650 1717 1723 ita
1751 1661 1834 1724 ut
1887 1651 2015 1728 DP
2058 1652 2158 1725 sit
2207 1652 2511 1748 aequalis
2541 1653 2708 1727 AD.

723 1764 1056 1837 Ducatur
1089 1764 1211 1837 RS
1248 1776 1325 1836 ct
1359 1764 1835 1860 producatur.

614 1944 618 1949 .
723 1875 886 1950 Fiat
924 1878 1042 1951 SY
1077 1877 1378 1972 aequalis
1413 1879 1574 1966 DV,
1610 1890 1687 1957 ct
1715 1878 2127 1974 jungantur
2163 1877 2321 1966 RY,
2359 1878 2508 1952 PV.

615 2062 620 2073 ,
719 1990 916 2087 Ergo
951 2002 1175 2065 rectae
1212 1991 1369 2078 RY,
1398 1992 1522 2065 PV
1562 2001 1778 2064 erunt
1817 1990 2184 2087 parallelae
2231 2003 2307 2063 et
2359 1992 2699 2087 aequales.

613 2165 619 2173 .
720 2105 1277 2178 Connectantur
1312 2105 1458 2194 PY,
1495 2106 1633 2178 VR
1667 2129 1921 2177 secans
1955 2103 2089 2177 DC
2123 2104 2200 2176 in
2235 2104 2334 2177 X.

717 2218 913 2313 Ergo
950 2218 1094 2307 PY,
1131 2218 1268 2291 VR
1301 2228 1472 2291 sunt
1508 2217 1848 2314 aequaleS‚
1887 2229 1964 2290 et
2013 2217 2271 2290 PYRV
2303 2217 2700 2314 parallelo-

615 2354 1050 2428 grammum.

714 2446 782 2517 A
816 2455 1092 2540 puncto
1127 2443 1193 2514 V
1229 2442 1324 2515 ad
1364 2453 1646 2514 rectam
1690 2441 1810 2514 PY
1847 2441 2161 2517 ducatur
2207 2442 2702 2539 perpendicu-

615 2558 787 2631 laris
823 2557 970 2629 VZ.

605 2739 606 2742 ,
715 2671 810 2743 Et
874 2669 1105 2741 divisa
1163 2669 1287 2741 PV
1336 2667 1672 2741 bifariam
1742 2669 1818 2740 in
1869 2693 1942 2756 a,
1990 2667 2199 2742 radio
2250 2669 2364 2741 aV
2420 2670 2538 2743 vcl
2586 2672 2700 2745 aP

614 2783 1071 2864 describatur
1104 2782 1603 2855 semicirculus
1640 2783 1765 2878 qui
1812 2782 2158 2855 transibit
2209 2806 2342 2879 per
2386 2784 2453 2857 D
2490 2795 2566 2857 et
2611 2786 2694 2860 Z.

607 2973 610 2976 .
710 2897 909 2992 Ergo
943 2896 1194 2992 anguli
1228 2895 1442 2985 YZV,
1481 2896 1680 2969 ZVX
1716 2907 1887 2969 sunt
1920 2895 2129 2969 recti.

711 3009 980 3083 Divisis
1016 3009 1170 3097 ΑΒ,
1207 3009 1339 3082 DC
1371 3009 1709 3082 bifariam
1742 3010 1819 3082 in
1852 3010 1913 3081 E
1943 3020 2020 3082 et
2056 3009 2137 3098 F,
2173 3007 2396 3083 ducta
2430 3010 2550 3082 EF
2584 3033 2690 3083 se·

608 3123 808 3196 cabit
843 3122 974 3196 RY
1009 3123 1347 3197 bifariam
1382 3124 1554 3220 inf.

707 3237 1042 3309 Ducatur
1075 3236 1189 3331 af
1207 3261 1460 3310 secans
1493 3236 1627 3308 YV
1654 3237 1730 3309 in
1765 3236 1851 3323 T,
1890 3247 1967 3307 et
2002 3234 2127 3306 ZV
2160 3235 2238 3307 in
2274 3259 2338 3309 e.

705 3350 903 3446 Ergo
931 3350 1055 3445 af
1074 3349 1337 3423 dividit
1382 3350 2148 3447 parallelogrammum
2204 3348 2466 3422 PYRV
2499 3348 2689 3422 bifa-

603 3464 811 3552 riam,
849 3473 921 3536 et
974 3475 1148 3536 sunt
1192 3476 1342 3537 tres
1396 3477 1621 3537 rectae
1681 3464 1830 3552 PY,
1876 3462 2006 3560 af,
2042 3463 2179 3536 VR
2233 3462 2549 3560 aequales
2609 3476 2688 3538 et

599 3576 989 3674 parallelae.

604 3755 610 3760 .
697 3691 1027 3764 Ducatur
1062 3691 1203 3778 aZ,
1230 3714 1394 3785 quae
1429 3703 1542 3764 est
1575 3689 1878 3786 aequalis
1913 3689 2062 3764 aV.

605 3869 608 3872 ,
697 3805 895 3902 Ergo
927 3804 1051 3886 VZ
1086 3803 1319 3876 divisa
1351 3815 1466 3877 est
1498 3804 1838 3877 bifariam
1872 3813 1949 3876 et
1981 3802 2077 3876 ad
2104 3802 2412 3898 angulos
2439 3811 2683 3876 rectos

599 3942 677 3990 m
710 3943 774 3991 e.

699 4031 938 4104 Etiam
975 4031 1098 4104 DS
1136 4029 1369 4102 divisa
1395 4042 1505 4102 est
1536 4028 1871 4101 bifariam
1909 4029 1987 4101 in
2021 4029 2106 4101 T.

698 4145 897 4240 Ergo
924 4144 1239 4218 circulus
1274 4142 1687 4240 descriptus
1722 4141 1927 4215 radio
1960 4142 2091 4215 TV
2124 4141 2240 4213 vel
2277 4140 2411 4213 TY
2437 4151 2677 4212 trans-

601 4258 735 4330 ibit
767 4281 899 4353 pcr
932 4257 1011 4329 Z.
