3094 5125
673 528 1520 583 PROPORTIONALIBUS
1565 531 1650 581 m
1698 531 2060 583 GENERE.
2265 516 2403 584 481

325 704 580 768 eorum
615 695 1053 789 quadratum
1089 719 1135 767 a
1169 696 1300 769 DC
1334 708 1444 769 est
1487 705 1597 769 16.
1729 697 1862 770 Est
1910 708 2158 770 autem
2191 707 2279 769 ut
2314 705 2410 771 40
2479 726 2806 767 uranum

322 807 421 881 ad
466 816 577 896 16,
614 808 721 882 ita
764 816 849 882 16
888 809 982 882 ad
1017 806 1148 901 δὲ.
2493 796 2778 829 *Ὗ*

426 926 756 1021 Cumque
792 926 909 998 Dlz
944 940 1242 1000 ostensa
1277 927 1373 999 sit
1418 927 1736 1000 semissis
1773 926 2004 1000 totius
2041 924 2166 1011 Βὸ,
2203 937 2454 1023 pote--

321 1039 425 1112 rit
460 1037 579 1111 Dlz
615 1038 870 1112 decem
906 1040 1268 1133 quadrata
1300 1064 1345 1112 a
1379 1041 1677 1114 semisse
1713 1041 1939 1137 ipsius
1979 1039 2142 1130 DV,
2180 1041 2332 1114 sive
2368 1050 2420 1113 a

323 1162 590 1248 quarta
622 1164 832 1247 parte
868 1151 1117 1226 lateris
1154 1151 1307 1226 DC.

427 1263 893 1338 Quadratum
945 1289 1121 1362 ergo
1157 1289 1201 1337 a
1235 1262 1366 1340 DC
1402 1264 1498 1339 ad
1533 1265 1976 1362 quadratum
2011 1291 2055 1338 a
2090 1265 2211 1339 Dh
2259 1265 2414 1338 sive

318 1401 367 1449 a
402 1374 578 1467 DM,
615 1390 728 1450 est
761 1390 847 1450 ut
891 1385 976 1452 16
1014 1379 1109 1451 ad
1162 1386 1271 1452 10.

425 1490 705 1563 Rursus
734 1502 818 1565 ut
856 1499 939 1564 16
977 1492 1072 1565 ad
1102 1499 1216 1580 10,
1252 1492 1360 1564 ita
1386 1503 1496 1565 est
1522 1488 1658 1582 6-2-
1680 1490 1775 1576 ad
1804 1501 1876 1566 4.
1933 1491 2077 1564 Sed
2105 1491 2413 1590 quadra-

318 1612 478 1676 tum
529 1628 574 1676 a
608 1602 741 1676 DF
777 1617 887 1677 est
942 1613 1013 1693 4,
1051 1628 1361 1700 quorum
1406 1604 1845 1701 quadratum
1882 1629 1927 1677 a
1962 1602 2092 1679 DC
2131 1616 2242 1677 est
2289 1614 2399 1677 16.

320 1716 573 1790 Quare
621 1717 813 1790 latus
862 1717 1201 1813 quadrati
1245 1725 1332 1791 16
1370 1729 1484 1790 est
1531 1716 1627 1789 ad
1679 1717 1871 1789 latus
1907 1716 2406 1812 quadrati‚10,

316 1846 406 1902 ut
450 1830 642 1902 latus
695 1829 1034 1925 quadrati
1070 1828 1186 1922 6-}
1230 1830 1325 1903 ad
1358 1830 1551 1902 latus
1603 1829 1941 1924 quadrati
1977 1837 2046 1901 4.
2153 1829 2404 1904 Quare

318 1955 545 2016 reetae
580 1942 734 2033 DC,
772 1943 910 2034 Dlz,
948 1944 1140 2017 latus
1175 1942 1515 2039 quadrati
1550 1950 1595 2014 6
1617 1938 1711 2034 ἔ,
1737 1942 1865 2015 DF
1898 1953 2069 2015 sunt
2103 1967 2412 2040 propor-

317 2057 653 2131 tionales.

420 2170 567 2244 Sed
602 2182 981 2243 ostensum
1039 2183 1153 2244 est
1197 2194 1359 2243 esse
1392 2181 1478 2242 ut
1514 2168 1646 2243 DC
1684 2168 1781 2241 ad
1815 2169 1958 2255 Db,
1994 2170 2100 2242 ita
2133 2169 2278 2242 DX
2312 2170 2412 2244 ad

317 2285 468 2358 DF.
572 2284 801 2356 Latus
837 2307 1014 2379 ergo
1050 2282 1390 2380 quadrati
1427 2280 1544 2373 δὲ
1589 2296 1704 2356 est
1737 2282 1898 2377 ipsa
1931 2281 2098 2355 DX.

419 2397 766 2493 Sequitur
797 2396 996 2485 hine,
1046 2396 1308 2492 primo,
1358 2407 1637 2467 rectam
1693 2394 1836 2467 DX
1884 2419 2042 2467 esse
2089 2394 2408 2468 mediam

316 2509 946 2607 proportionalem
999 2510 1193 2583 inter
1227 2509 1384 2600 DC,
1424 2520 1498 2582 et
1534 2507 1714 2582 duas
1751 2509 2044 2604 quintas
2078 2508 2407 2606 ejusdem

316 2625 468 2698 DC.
577 2624 1039 2699 Quadratum
1099 2624 1295 2696 enim
1344 2648 1390 2696 a
1424 2623 1594 2713 DX,
1642 2646 1906 2718 nempe
1942 2623 2084 2696 DX
2094 2648 2233 2721 pq,
2294 2635 2410 2695 est

319 2737 485 2810 duae
521 2736 796 2831 quintae
832 2736 1172 2832 quadrati
1202 2737 1446 2820 aDC;
1484 2736 1655 2832 quia
1682 2744 1766 2824 33
1801 2747 1910 2809 est
1947 2737 2203 2831 quinta
2236 2761 2412 2833 pars

326 2857 439 2939 16,
477 2860 550 2920 et
586 2844 702 2939 δὲ
729 2848 894 2921 duae
943 2848 1220 2945 quintae
1274 2848 1604 2943 ejusdem
1640 2847 1981 2944 quadrati
2010 2873 2056 2921 a
2091 2849 2224 2922 DC
2255 2879 2275 2933 ;
2328 2862 2407 2922 et

314 2971 705 3057 propterea
772 2961 1049 3058 aequale
1112 2962 1545 3058 reetangulo
1615 2960 1749 3034 sub
1798 2961 1928 3035 DC
1987 2973 2063 3035 et
2122 2963 2410 3036 duabus

317 3074 592 3172 quintis
628 3072 954 3170 ejusdem
989 3072 1146 3147 DC.

416 3188 768 3284 Sequitur
827 3186 1175 3275 seeundo,
1214 3186 1413 3283 quod
1469 3185 1693 3260 dueta
1726 3188 1867 3261 AX
1913 3198 1988 3261 et
2038 3187 2408 3284 producta

314 3302 410 3376 ad
472 3324 860 3375 occursum
920 3299 1046 3373 BC
1097 3300 1478 3397 productae
1531 3301 1609 3373 in
1644 3300 1703 3388 δ,
1741 3310 2022 3374 rectam
2057 3299 2160 3373 Βὸ
2190 3323 2410 3396 posse

322 3424 411 3490 10
444 3415 802 3513 quadrata
837 3437 885 3488 a
916 3413 1067 3487 DF.

415 3527 759 3624 Sequitur
794 3525 1038 3617 terti0‚
1076 3537 1355 3598 rectam
1388 3526 1544 3614 DE,
1584 3549 1748 3621 quae
1796 3538 1909 3599 est
1949 3524 2195 3598 media
2227 3548 2402 3620 pro-

311 3640 741 3736 portionalis
793 3641 989 3714 inter
1041 3639 1172 3712 DC
1208 3651 1284 3711 et
1318 3639 1469 3728 DF,
1519 3638 1836 3720 mediam
1889 3661 2178 3735 quoque
2241 3661 2404 3711 esse

313 3753 508 3826 inter
540 3753 659 3825 Dh
695 3765 771 3826 et
803 3752 970 3826 DX.
1078 3751 1265 3824 Cum
1324 3751 1518 3824 enim
1572 3751 2012 3847 quadratum
2049 3775 2094 3823 a
2129 3748 2250 3822 Dh
2302 3752 2401 3822 sit

323 3874 435 3954 10,
473 3888 788 3960 quorum
828 3866 1267 3961 quadratum
1303 3889 1347 3960 a
1374 3865 1504 3938 DC
1539 3877 1652 3938 est
1695 3874 1806 3955 16,
1843 3877 1916 3939 et
1960 3863 2402 3961 quadratum

313 4005 359 4053 a
392 3979 523 4051 DE
578 3986 670 4063 8;
728 3980 789 4052 si
835 3980 966 4052 fiat
1019 3989 1105 4052 ut
1159 3987 1247 4053 10
1280 3978 1377 4051 ad
1426 3986 1471 4051 8
1519 3978 1628 4051 ita
1663 3986 1707 4051 8
1749 3978 1844 4050 ad
1892 3977 2217 4062 tertium,
2256 3978 2399 4049 erit

308 4091 492 4165 illud
523 4092 828 4166 tertium
850 4090 994 4182 6ξ-.
1085 4092 1301 4166 Unde
1337 4104 1542 4189 patet
1576 4093 1798 4165 etiam
1832 4092 2001 4180 hoe,
2032 4092 2395 4164 rationem

310 4206 437 4279 DF
489 4205 584 4278 ad
641 4205 772 4278 DE
826 4228 983 4278 esse
1032 4206 1128 4278 ad
1181 4207 1543 4280 rationem
1581 4206 1709 4279 DF
1742 4205 1838 4277 ad
1873 4205 2038 4291 DX,
2090 4216 2178 4277 ut
2224 4205 2402 4277 sub-

309 4319 680 4416 triplicata
712 4317 808 4390 ad
842 4316 1453 4415 subduplicatam,
1491 4329 1574 4392 ut
1611 4318 1715 4392 illi
1752 4319 2200 4417 loquuntur;
2254 4342 2398 4413 ego

505 4454 690 4506 vol..
736 4454 846 4505 tv.
2105 4454 2133 4502 1
2162 4453 2191 4504 1
