3094 5125
1198 486 1346 565 237

192 653 546 741 creditur,
574 662 649 725 et
679 652 723 697 ²*
750 663 921 726 sunt
944 652 1154 748 quasi
1181 653 1630 748 reliquorum
1657 651 2016 747 magistri.
2118 651 2488 725 Exhibent

192 773 573 844 machinas
606 794 859 859 novas,
906 785 991 844 ut
1040 795 1354 844 vacuum
1412 796 1625 844 suum
1687 784 1762 843 et
1816 769 2039 842 miras
2094 770 2488 843 ostendant

192 916 481 987 nugas;
537 890 1151 987 quemadmodum
1187 892 1466 964 faciunt
1504 891 1632 987 qui
1674 892 2185 985 circumagunt
2208 889 2485 961 anima-

191 1008 295 1080 lia
327 1008 641 1095 exotica,
679 1006 1079 1103 spectanda
1112 1031 1261 1079 non
1297 1008 1453 1080 sine
1487 1008 1752 1103 pretio,
1876 1007 1978 1078 Hi
2015 1006 2195 1078 mihi
2233 1031 2484 1080 omnes

192 1123 477 1195 inimici
527 1134 722 1196 sunt.
828 1123 1109 1218 Fugere
1163 1148 1282 1196 me
1319 1149 1409 1196 ex
1443 1124 1715 1221 Anglia
1769 1124 1844 1195 in
1900 1122 2209 1195 Galliam
2243 1124 2487 1220 coegit

193 1240 374 1312 cleri
432 1264 600 1335 pars
648 1263 831 1324 una3
889 1252 963 1312 et
1024 1264 1275 1314 rursus
1341 1242 1596 1337 fugere
1648 1266 1688 1314 e
1731 1241 1965 1314 Gallia
2019 1240 2095 1313 in
2142 1241 2485 1337 Angliam

194 1356 441 1453 coegit
468 1357 645 1429 cleri
677 1380 847 1452 pars
883 1357 1046 1430 alia.
1152 1358 1589 1455 Algebristae
1624 1359 2142 1432 convitiantur.
2231 1362 2279 1396 “
2305 1358 2486 1431 Gre-

194 1475 621 1547 shamenses
676 1475 992 1563 autem,”
1048 1499 1356 1569 quaereS‚
1406 1476 1848 1572 “quomodo
1907 1486 1980 1546 te
2035 1474 2384 1547 laeserunt
2408 1474 2482 1546 ?”

197 1592 425 1665 Scies,
580 1592 919 1665 Putaram
995 1616 1111 1664 me
1189 1591 1616 1664 methodum
1686 1590 2052 1687 quandam
2118 1590 2485 1663 invenisse

195 1710 712 1805 interponendi
758 1709 948 1782 inter
1002 1710 1182 1782 duas
1234 1709 1462 1782 lineas
1502 1719 1744 1781 rectas
1780 1731 2252 1803 quascunque
2304 1708 2485 1781 duas

194 1827 478 1899 medias
535 1829 1161 1924 proportionales;
1218 1828 1791 1922 methodumque
1852 1827 2051 1898 illam
2111 1826 2481 1921 scriptam,

195 1945 354 2039 ipse
420 1968 591 2016 rure
650 1968 897 2040 agenS,
952 1946 1368 2018 Londinum
1439 1945 1779 2017 miseram
1842 1943 1938 2016 ad
1998 1944 2340 2032 amicum,
2400 1955 2485 2016 ut

194 2060 593 2155 geometris
647 2061 916 2133 nostris
972 2061 1258 2157 copiam
1314 2062 1470 2156 ejus
1523 2061 1820 2135 faceret.
1932 2061 2267 2156 Contigit
2319 2083 2485 2155 pos-

197 2175 419 2249 tridie
487 2189 571 2248 ut
630 2200 1008 2250 erroneam
1060 2202 1215 2250 esse
1266 2177 1948 2266 animadverterem,
2012 2190 2087 2251 et
2147 2177 2243 2250 ad
2304 2201 2482 2249 eun-

199 2294 370 2366 dem
406 2293 660 2388 scripsi
694 2294 1164 2388 palinodiam.
1293 2297 1473 2369 Erat
1506 2320 1697 2369 unus
1733 2320 1823 2368 ex
1857 2296 2024 2381 illis,
2062 2295 2187 2391 qui
2221 2295 2481 2367 vitium

196 2411 397 2483 idem
430 2412 710 2483 interea
746 2412 1020 2501 videns,
1049 2414 1124 2486 id
1161 2413 1358 2508 quod
1403 2413 1617 2486 facile
1652 2414 1854 2487 factu
1889 2427 2072 2503 erat,
2110 2413 2481 2486 refutavit.

199 2529 747 2603 Refutationem
817 2531 1006 2604 hanc
1078 2531 1155 2604 in
1224 2531 1524 2605 archiva
1593 2532 2004 2623 SocietatiS,
2093 2532 2312 2606 etiam
2389 2532 2481 2605 ab

199 2648 505 2720 authore
547 2647 705 2742 ipso
761 2648 1182 2722 damnatam
1242 2673 1398 2723 esse
1467 2652 1808 2740 scientes,
1870 2652 2300 2724 retulerunt.
2414 2651 2479 2724 O

198 2765 549 2860 praeclare
624 2765 899 2838 factum
987 2779 1060 2838 et
1125 2767 1521 2863 generose!
1660 2769 1933 2840 Verum
2005 2769 2111 2841 ita
2190 2780 2327 2857 est,
2396 2780 2482 2839 ut

200 2884 617 2971 saevissime,
679 2908 817 2956 nec
871 2885 1113 2957 minus
1169 2884 1337 2958 dolo
1392 2910 1610 2981 quam
1668 2886 1963 2973 virtute,
2026 2886 2117 2958 de
2170 2886 2482 2980 ingeniis

201 3014 487 3074 certent
523 2997 961 3100 viventes*.]
1074 3002 1415 3076 Morieris
1451 3027 1652 3100 ergn,
1700 3004 2009 3099 inquies,
2055 3004 2250 3075 bono
2296 3005 2482 3100 pub-

200 3118 366 3190 lico.
422 3119 543 3191 Sic
577 3131 780 3216 put0‚
808 3119 937 3192 sed
969 3144 1121 3192 non
1148 3131 1379 3208 tanto,
1408 3133 1494 3193 ut
1528 3121 1621 3193 ob
1649 3144 1812 3193 eam
1847 3144 2141 3193 causam
2177 3120 2482 3193 debeam

198 3260 351 3308 uno
384 3238 667 3309 minuto
697 3237 1046 3332 temporis
1083 3237 1299 3310 citius
1351 3238 1538 3310 velle
1575 3239 1784 3310 mori.
1887 3238 2234 3311 Vivamus
2263 3262 2481 3333 quam

203 3350 330 3423 diu
365 3366 441 3424 et
476 3377 694 3448 quam
728 3354 914 3425 bene
948 3376 1375 3448 possumus;
1432 3366 1508 3426 et
1542 3365 1798 3426 mutuo
1824 3378 2171 3427 amemus.
2280 3355 2478 3427 Vale.

281 3681 317 3715 ³⁸*
365 3680 462 3739 Sic
487 3681 644 3740 Edit.
682 3685 850 3740 1668.

282 3778 316 3855 †
358 3779 430 3836 In
459 3780 595 3837 edit.
634 3782 776 3840 1661
811 3800 928 3839 non
957 3781 1341 3841 inveniuntur
1368 3783 1551 3841 verba
1578 3783 1743 3841 uncis
1770 3783 2009 3842 inclusa.
