3094 5125
667 442 759 508 32
1098 459 1639 512 ExAmNAno
1680 460 1784 512 ET
1823 460 2322 513 EMENDA'rlo

285 643 586 690 maenus
664 635 862 731 quod
909 634 1247 732 subjecta
1301 636 1629 711 habeant
1673 647 1748 710 et
1777 638 2175 736 principia
2209 647 2285 711 et
2318 639 2758 734 qffectiones

289 727 574 831 *ζ’-ψ
662 748 759 822 de
782 747 1102 844 subjecto
1131 751 1701 825 demonstratas.
1781 754 2161 848 Assumpti
2189 764 2476 849 partem
2498 777 2752 841 unam,

657 884 922 958 nempe
957 863 1156 958 quod
1188 864 1511 938 habeant
1558 866 1941 962 principia,
1999 866 2105 938 sic
2152 866 2464 963 probat;
2506 891 2754 965 punc-

656 984 806 1047 tum
867 976 1153 1072 quidem
1219 978 1781 1077 magnitudini&
1843 979 2091 1052 unitas
2151 988 2396 1052 autem
2462 980 2755 1053 numeri

642 1089 1102 1187 principium
1151 1091 1372 1191 vulgo
1406 1091 1878 1191 perhibetur.
1984 1092 2291 1165 Censen'
2330 1103 2414 1165 tu
2447 1116 2746 1188 geome-

657 1214 849 1275 tram
884 1226 1063 1288 esse,
1100 1206 1227 1299 qui
1262 1206 1462 1301 quod
1494 1206 1807 1302 probare
1847 1204 2126 1294 debuit,
2163 1205 2255 1277 ab
2291 1206 2745 1280 authoritate

654 1315 920 1411 probat
955 1317 1157 1414 vulgi
1189 1317 1213 1389 Ρ

753 1426 850 1501 B.
904 1429 1296 1503 Peccatum
1328 1430 1568 1503 fateor
1602 1444 1736 1516 est,
1774 1454 1912 1502 nec
1947 1454 2278 1524 parvum.

753 1541 853 1615 A.
908 1543 1182 1617 Demus
1209 1554 1456 1617 autem
1482 1544 1547 1616 ei
1572 1544 1748 1616 satis
1774 1543 1917 1616 hoc
1940 1543 2527 1617 demonstratum
2555 1569 2733 1618 esse.

652 1656 771 1727 An
807 1668 1260 1753 geometram
1296 1680 1453 1730 esse
1488 1657 1712 1746 diceS,
1749 1657 1899 1751 qui,
1946 1680 2113 1729 eum
2148 1658 2632 1755 geometriam
2664 1670 2736 1732 et

652 1769 1189 1845 arithmeticam
1243 1770 1606 1868 principia
1657 1770 1929 1843 habere
1971 1770 2360 1844 ostendere
2410 1770 2733 1861 deberet,

656 1906 746 1956 ex
781 1907 869 1957 eo
903 1885 1168 1981 probat
1201 1884 1400 1981 quod
1432 1897 1792 1981 punctum
1829 1894 1940 1956 est
1972 1884 2417 1980 principium
2451 1886 2736 1982 magni-

653 1997 954 2089 tudiniS‚
1008 2011 1084 2071 et
1136 1999 1380 2072 unitas
1425 1996 1763 2071 numeri?
1868 1997 2323 2092 Intelligisne
2368 1999 2735 2093 quomodo

648 2123 1002 2207 punctum
1038 2112 1480 2208 principium
1517 2134 1673 2184 esse
1707 2121 1957 2206 potest
1989 2110 2468 2207 geometriae?

744 2223 845 2296 B.
900 2224 1124 2297 Nullo
1157 2224 1403 2297 modo.

748 2334 847 2407 A.
900 2336 1054 2408 Aut
1085 2336 1328 2409 unitas
1364 2334 1902 2409 arithmeticae?

744 2447 842 2521 B.
894 2448 1384 2522 Tantundem.

747 2559 845 2635 A.
898 2561 1055 2635 Aut
1089 2562 1398 2636 eandem
1432 2586 1589 2636 rem
1632 2586 1791 2636 esse
1827 2562 2411 2658 magnitudinem
2449 2578 2524 2640 et
2557 2591 2733 2664 geo-

644 2675 980 2748 metriam
1009 2675 1033 2747 ἓ
1137 2678 1288 2750 Aut
1323 2699 1711 2750 numerum
1749 2690 1826 2749 et
1860 2676 2396 2750 arithmeticam
2427 2677 2453 2750 ἓ

739 2787 841 2862 Β.
891 2788 1153 2885 AEque.

741 2901 843 2976 A.
894 2903 1050 2976 Aut
1102 2903 1358 2999 puncti
1414 2902 1916 2976 definitionem
1971 2914 2047 2976 et
2094 2914 2448 2999 punctum
2489 2904 2728 3001 ipsum

640 3039 797 3090 esse
833 3016 1081 3090 idem?

735 3132 838 3204 B.
893 3131 1095 3206 Quid
1129 3142 1213 3203 tu
1245 3130 1403 3203 haec
1439 3141 1593 3202 tam
1632 3129 1951 3203 absurda
1983 3155 2028 3202 a
2062 3153 2181 3202 me
2218 3130 2541 3225 quaeris?

692 3269 695 3272 ·
740 3243 836 3318 A.
894 3243 1149 3320 Quid?
1204 3245 1344 3317 nisi
1397 3255 1483 3316 ut
1536 3243 1715 3317 mihi
1764 3244 1964 3317 dicas
2019 3244 2254 3317 sicubi
2309 3247 2725 3340 argumenti

635 3357 852 3454 hujus
887 3359 1036 3430 vim
1069 3359 1301 3431 latere
1335 3358 1634 3431 sentias,

733 3472 833 3546 B.
890 3472 1148 3546 Dicam
1185 3471 1383 3569 quod
1418 3472 1701 3555 sentio;
1755 3495 2019 3567 nempe
2055 3470 2296 3544 fraudi
2335 3471 2439 3544 illi
2473 3472 2720 3562 fuisse,

633 3587 833 3680 quod
887 3611 1055 3659 cum
1105 3611 1247 3660 vox
1288 3595 1646 3683 punctum
1692 3585 2137 3680 principium
2191 3586 2288 3658 sit
2338 3584 2511 3657 libri
2556 3587 2721 3659 Ele-

630 3713 1046 3774 mentorum
1103 3700 1539 3774 Geometriae
1582 3697 1933 3787 Euclidis,
1991 3697 2250 3771 habuit
2300 3697 2540 3793 ipsum
2587 3723 2719 3795 pro

629 3812 990 3910 principio
1043 3814 1491 3910 geometriae,
1547 3812 1994 3909 pariterque,
2053 3811 2226 3905 quia
2276 3835 2418 3883 vox
2464 3811 2718 3884 unitas

628 3927 867 4023 prima
925 3939 1035 4001 est
1088 3926 1166 3999 in
1220 3926 1425 3999 libris
1482 3925 1811 4023 ejusdem
1864 3924 2371 4015 arithmeticiS,
2428 3926 2718 4020 putavit

626 4040 993 4113 unitatem
1059 4039 1504 4137 principium
1581 4062 1738 4113 esse
1807 4038 2137 4112 scientiae
2205 4037 2712 4111 arithmeticae.

626 4153 865 4228 Miror
912 4176 1086 4227 sane
1131 4153 1504 4225 hominem
1553 4152 2118 4249 Peripateticum
2169 4150 2354 4224 adeo
2405 4151 2716 4224 oblitum

624 4267 847 4341 fuisse
895 4266 1312 4340 Aristotelis
1358 4266 1494 4354 sui,
1547 4277 1633 4338 ut
1685 4288 1833 4338 non
1892 4265 2310 4337 meminerit
2353 4264 2716 4360 principia

627 4381 772 4455 alia
799 4406 980 4471 esse,
1002 4393 1086 4455 ut
1113 4405 1248 4456 nos
1274 4380 1667 4477 loquimur,
1693 4378 2006 4468 essendi,
2039 4377 2182 4451 alia
2203 4376 2712 4475 cognoscendi.
