3094 5125
729 501 866 569 130
1154 516 1694 569 ExAMmA‘rlo
1738 518 1837 569 m*
1878 516 2375 569 ΕΜΕΝΒΑΤῙΟ

338 707 642 749 numana
720 697 900 745 num
954 672 1286 747 continet
1336 674 1773 748 criticismos
1825 699 2042 770 super
2075 675 2377 758 vocibus
2429 673 2632 747 ratio
2687 697 2812 745 ra-

458 789 545 828 111.

721 786 1055 876 tionaliS,
1110 800 1288 870 ρἡον,
1329 802 1557 873 ἄλογον,
1587 801 1841 870 ἄρῥητον,
1863 805 1997 860 ποιὰ
2030 802 2239 880 σχέσις,
2295 786 2809 885 quantuPlum,

721 914 894 974 etc.:
951 923 1266 996 quorum
1319 900 1881 973 criticismorum
1940 901 2223 996 aliquos
2278 901 2613 996 superius
2683 901 2811 980 ab÷

723 1012 984 1086 surdos
1037 1036 1194 1086 esse
1250 1013 1726 1086 ostendimus.
1832 1013 2091 1108 Itaque
2144 1026 2366 1110 caput
2406 1013 2548 1084 hoc
2594 1011 2812 1084 dimi-

724 1128 980 1199 sissem
1025 1128 1203 1221 jam,
1241 1127 1379 1199 nisi
1434 1126 1634 1220 quod
1686 1127 2064 1221 praeterire
2113 1150 2265 1199 non
2304 1126 2573 1222 placet,
2612 1125 2813 1221 quod

726 1240 907 1312 dicit
940 1239 1333 1312 Euclidem
1383 1239 1678 1336 quidem
1714 1240 1789 1311 in
1823 1238 2209 1312 Elementa
2255 1239 2534 1312 decimo
2570 1240 2809 1312 ratio-

723 1352 937 1426 nales
973 1352 1371 1451 appellare
1406 1353 1671 1442 lineas,
1707 1377 1872 1451 quoe
1904 1352 2253 1450 potentia
2303 1363 2589 1426 tantam
2641 1363 2810 1425 sunt

724 1464 1406 1538 commensurabiles
1434 1493 1460 1539 .·
1522 1490 1768 1538 veram
1825 1464 2011 1537 alibi
2076 1490 2216 1538 non
2281 1491 2461 1540 raro
2531 1465 2812 1539 obtinet

723 1579 1135 1653 rationalia
1190 1588 1471 1651 tantum
1539 1603 1633 1651 ea
1692 1577 1867 1668 dici,
1920 1603 2073 1674 quoe
2132 1588 2206 1650 et
2257 1595 2537 1670 σύμμετρα
2588 1589 2759 1651 sunt
2782 1607 2809 1662 ,-

725 1702 807 1765 ut
851 1690 1177 1790 proinde
1233 1691 1337 1762 sit
1396 1706 1611 1777 ἄλογον
1655 1690 1807 1762 sive
1856 1708 2114 1780 ᾶρρητον,
2168 1699 2389 1788 atque
2445 1704 2804 1782 ἀσύμμετρον.

726 1805 900 1877 Non
935 1805 1131 1878 enim
1174 1814 1354 1900 puto
1401 1817 1532 1876 aut
1571 1802 1950 1875 Euclidem
1983 1826 2315 1898 usquam,
2351 1814 2477 1875 aut
2511 1825 2807 1898 geome-

725 1931 918 1992 tram
984 1918 1209 1990 alium
1278 1938 1811 2013 quemcunque,
1847 1932 2078 2001 ᾰρῥητον
2138 1926 2215 1987 et
2272 1928 2616 2005 ἀσύμμετρον
2674 1939 2805 2010 pro

726 2032 986 2104 eodem
1019 2053 1424 2126 usurpasse.
1528 2029 1702 2101 Non
1753 2051 1928 2123 ergo
1981 2027 2086 2100 illi
2140 2026 2589 2100 credendum
2625 2052 2803 2116 esse,

725 2145 867 2217 nisi
929 2144 1332 2217 authorem.
1365 2154 1439 2216 et
1488 2143 1734 2215 locum
1785 2141 2243 2215 indicaverit.
2349 2141 2534 2216 Quis
2587 2143 2804 2230 enim,

726 2258 852 2354 qui
920 2257 1380 2330 Elementum
1433 2254 1799 2328 decimum
1857 2255 2144 2350 legerit,
2191 2255 2427 2327 nescit
2485 2255 2807 2327 infinitas

724 2393 1031 2443 numero
1067 2391 1225 2441 esse
1255 2368 1701 2463 quantitates
1748 2368 1940 2441 inter
1976 2391 2053 2441 se
2086 2368 2804 2456 commensurabileS,

724 2507 888 2580 quae
921 2493 1166 2554 tamen
1200 2482 1348 2553 sint
1383 2480 1841 2555 irrationales
1870 2507 1887 2565 ;
1930 2493 2320 2579 propterea
2354 2481 2554 2577 quod
2585 2495 2653 2575 τῇ
2679 2502 2807 2573 firm,

723 2596 1110 2671 arbitrarie
1204 2606 1515 2689 sumptae
1604 2595 2298 2667 commensurabiles
2375 2618 2525 2667 non
2607 2607 2801 2667 sunt.

723 2711 898 2783 Pars
932 2709 1148 2803 hujus
1184 2707 1446 2802 capitis
1498 2707 1778 2802 reliqua
1828 2708 2157 2781 continet
2203 2718 2489 2803 partem
2525 2730 2804 2794 eorum,

724 2846 888 2919 quae
947 2822 1170 2895 habet
1229 2819 1521 2893 Clavius
1583 2820 1679 2893 ad
1737 2821 1958 2893 finem
2009 2820 2372 2893 Elementi
2421 2821 2660 2916 quinti
2714 2820 2806 2893 de

724 2935 1237 3009 distributione
1304 2933 1670 3006 rationum
1736 2933 1811 3005 in
1869 2958 2035 3006 suas
2094 2934 2396 3029 specieS,
2454 2935 2806 3007 nimirum

722 3046 1216 3144 multiplicem,
1297 3044 1936 3143 submultiplicem,
2008 3045 2803 3144 superparticularem,

721 3161 1411 3260 superpartientem,
1449 3173 1591 3232 etc.
1696 3159 2079 3232 Praeterire
2133 3172 2380 3231 autem
2440 3183 2590 3232 non
2637 3185 2807 3255 pos-

723 3298 884 3347 sum
937 3276 1157 3347 verba
1213 3275 1369 3369 ejus
1422 3273 1604 3361 haec,
1641 3271 1752 3343 Et
1787 3272 2081 3369 quidem
2139 3272 2322 3369 ipsse
2359 3272 2807 3368 fractiones

708 3386 914 3487 'nihil
941 3387 1156 3462 aliud
1183 3397 1352 3459 sunt
1378 3411 1599 3484 quam
1632 3386 1988 3465 rationes.
2061 3386 2252 3459 Nolo
2283 3387 2555 3459 diutius
2584 3399 2805 3483 neget

722 3525 799 3575 se
837 3501 1292 3597 quotientem
1327 3498 1573 3572 dicere
1621 3498 1956 3571 divisoris
2008 3522 2164 3572 esse
2198 3498 2292 3572 ad
2329 3499 2803 3574 dividendum

723 3616 1106 3688 rationem.
1201 3614 1462 3709 Neque
1497 3613 1683 3697 baec,
1709 3612 2143 3702 Fractionis
2184 3612 2434 3711 itaque
2466 3639 2805 3688 numera-

699 3738 845 3831 ⁴tor
897 3737 969 3800 et
1036 3726 1536 3800 denominator
1588 3725 1910 3824 perinde
1968 3736 2146 3809 sunt
2214 3735 2436 3823 atque
2482 3728 2803 3801 rationis

725 3839 1168 3914 antecedens
1229 3840 1340 3911 ad
1392 3862 1861 3935 consequens.
1966 3839 2178 3928 Quae,
2215 3840 2352 3911 etsi
2385 3863 2560 3913 vera
2605 3854 2800 3931 sunt,

724 3954 963 4028 verbis
1022 3952 1214 4025 illius
1258 3952 1624 4047 prioribus
1679 3950 2215 4025 contradicunt.
2318 3952 2579 4049 Neque
2616 3955 2799 4045 haec,

726 4069 914 4145 Sunt
948 4067 1135 4140 enim
1167 4065 1522 4155 rationes,
1565 4089 1704 4139 non
1754 4066 1988 4138 minus
2023 4091 2244 4163 quam
2276 4068 2581 4158 numeri,
2617 4093 2803 4141 verce

727 4181 1201 4279 quantitates.
1305 4179 1499 4252 Nam
1562 4179 1623 4251 si
1678 4180 2124 4276 quantitates
2174 4182 2542 4254 rationum
2595 4181 2800 4255 effari

725 4306 1134 4391 cogeretur,
1201 4292 1692 4366 necessarium
1753 4316 1911 4366 esse
1967 4292 2252 4367 videret
2314 4317 2459 4390 pro
2512 4296 2798 4368 ratione

725 4408 1159 4504 aequalitatis
1194 4407 1521 4502 ciphram
1566 4429 1864 4503 ponere,
1902 4406 1979 4479 id
2035 4418 2173 4494 est,
2209 4407 2545 4480 confiteri
2599 4408 2794 4503 quod
