3094 5125
747 488 838 553 52
1179 471 1718 551 EXAMINA'ho
1759 499 1863 551 ET
1901 498 2401 552 ΕΜΕΝοΑτῙο

369 689 671 733 „mouns
744 666 1199 766 impossibile
1230 678 1314 741 ut
1345 691 1685 740 numerus
1711 667 2073 740 maa-imus
2100 666 2560 765 assignetur.
2636 665 2823 738 Nam

493 772 516 812 1

373 798 660 877 54&
743 793 820 855 et
854 782 996 854 hoe
1030 781 1241 877 pueri
1268 781 1534 855 sciunt.

839 906 942 981 B.
997 906 1388 981 Quomodo
1426 906 1670 981 sciunt
1701 906 1937 1002 pueri,
1975 929 2145 979 eum
2177 905 2372 1002 ipsos
2405 917 2823 1000 geometras

738 1019 939 1116 loqui
975 1017 1282 1092 audiant
1317 1018 1408 1093 de
1441 1032 1654 1092 recta
1687 1019 1920 1092 divisa
1971 1018 2047 1093 in
2091 1028 2336 1115 partes
2371 1041 2682 1091 numero
2715 1018 2824 1090 in-

739 1134 1008 1222 finitas»,
1062 1144 1140 1205 et
1191 1132 1461 1206 librum
1515 1132 1770 1228 legant
1801 1131 2113 1205 Wallisii
2162 1130 2285 1203 De
2331 1130 2824 1204 Arithmetica

738 1245 1230 1342 Irfinitorum,
1266 1271 1314 1320 a
1344 1246 1595 1342 magni
1630 1244 1946 1319 nominis
1981 1244 2401 1341 geometria,
2429 1244 2821 1319 Schotenio

740 1371 817 1433 et
851 1360 1223 1456 Hugenio,
1258 1358 1474 1433 editis
1509 1357 1838 1458 epistolis
1872 1355 2420 1455 approbatum?

842 1473 940 1546 A.
994 1472 1347 1547 Nesciant
1404 1496 1583 1568 ergo
1640 1472 1784 1544 hoe
1835 1471 2066 1567 pueri.
2170 1469 2456 1545 Deinde
2502 1469 2819 1544 ostendit

741 1585 1298 1683 dispositionem
1363 1608 1818 1658 numerorum
1884 1584 1962 1657 in
2020 1583 2358 1671 decadeS,
2427 1584 2816 1672 centuriaS,

738 1708 906 1788 etc„
940 1699 1019 1772 in
1053 1709 1412 1795 perpetua
1443 1699 1730 1772 ratione
1776 1708 1804 1771 l
1848 1696 1944 1771 ad
1989 1706 2101 1772 10.

842 1813 940 1886 Β.
994 1813 1242 1887 Potuit
1276 1836 1571 1910 quoque
1604 1813 1747 1886 hoc
1780 1811 2163 1908 praeteriri.

842 1926 941 2001 Α.
997 1924 1142 1999 Sed
1188 1926 1520 2023 exempla
1578 1926 1791 1999 affert
1844 1923 2372 1997 numerationis
2416 1924 2696 1997 Graecae
2748 1932 2820 1994 et

743 2037 1156 2127 Hebraicae,
1211 2061 1375 2136 quae
1425 2038 1673 2112 forsan
1725 2037 2104 2135 praeterire
2165 2060 2241 2111 se
2301 2037 2627 2133 potuisse
2679 2058 2820 2110 non

738 2152 1050 2247 putavit,
1100 2152 1278 2249 quin
1335 2151 1651 2226 eruditio
1713 2151 1869 2248 ejus
1925 2151 2166 2224 minus
2226 2150 2608 2247 multiplex
2669 2173 2820 2224 esse

739 2263 1135 2338 videretur.

846 2375 944 2448 B.
997 2376 1170 2448 Non
1206 2375 1424 2448 modo
1457 2376 1604 2467 hic,
1635 2376 1764 2450 sed
1799 2374 2022 2449 etiam
2055 2376 2133 2449 in
2158 2376 2494 2473 proxime
2519 2399 2824 2473 sequen·

738 2488 938 2561 tibus
987 2487 1332 2584 peritiam
1385 2511 1593 2561 suam
1640 2489 1719 2562 in
1771 2490 1913 2564 hoe
1963 2512 2234 2586 genere
2273 2488 2658 2564 literarum
2693 2491 2822 2565 ali-

743 2614 1019 2697 quanto
1069 2602 1302 2698 magis
1348 2603 1731 2677 ambitiose
1778 2615 2121 2693 ostentat,
2172 2627 2393 2700 quam
2451 2615 2566 2677 est
2617 2627 2819 2701 opus,

742 2714 929 2789 Quis
978 2716 1214 2789 nescit
1252 2717 1575 2812 potuisse
1627 2718 2213 2792 numerationem
2273 2719 2367 2792 ab
2419 2718 2633 2792 initio
2691 2741 2824 2816 per

740 2827 1143 2924 quamlibet
1198 2828 1419 2901 aliam
1452 2831 2005 2927 proportionem
2038 2830 2221 2916 fieri,
2245 2830 2310 2903 si
2343 2831 2448 2904 ita
2491 2831 2822 2905 libuisset

737 2940 994 3037 primis
1053 2941 1609 3016 inventoribus?
1713 2942 2077 3016 Credibile
2126 2944 2323 3017 enim
2365 2956 2498 3033 est,
2547 2944 2610 3017 si
2663 2944 2821 3018 nati

736 3052 1050 3127 fuissent
1100 3054 1433 3127 homines
1481 3055 2059 3153 dodecadactyli,
2101 3056 2301 3154 quod
2344 3080 2820 3131 numerorum

735 3167 1150 3264 progressio
1194 3167 1454 3242 fuisset
1492 3168 1692 3243 facta
1724 3194 1856 3266 per
1888 3170 2209 3244 rationes
2241 3181 2600 3267 perpetuo
2638 3171 2818 3245 duo-

733 3279 1105 3376 ·deeuplaS.
1200 3280 1468 3371 Transi
1502 3305 1678 3378 ergo
1714 3281 1811 3356 ad
1848 3282 2094 3379 Caput
2127 3296 2437 3358 sextum.

840 3393 937 3466 A.
998 3393 1245 3490 Caput
1311 3403 1600 3467 sextum
1668 3394 2111 3486 differamuS‚
2180 3397 2242 3470 si
2290 3397 2423 3488 vis,
2483 3397 2562 3470 in
2622 3397 2819 3472 diem

737 3505 1165 3579 crastinum.
1266 3505 1463 3580 Nam
1496 3507 1732 3582 sentio
1768 3531 1886 3581 me
1920 3508 2296 3586 lacessere.

841 3618 937 3692 B.
991 3618 1259 3693 Placet.

835 3731 935 3805 Α.
991 3732 1138 3805 Sed
1156 3732 1457 3805 unicum
1479 3732 1623 3806 hoc
1643 3734 1845 3830 prius
1864 3734 2314 3830 legamus.—
2327 3731 2602 3805 Tamen
2620 3735 2822 3831 quod

733 3845 993 3918 mirum
1047 3845 1251 3919 dictu
1303 3855 1442 3935 est,
1499 3847 1579 3920 in
1645 3846 1900 3921 eadem
1943 3846 2440 3946 proportione
2497 3845 2815 3945 decupla

732 3980 973 4030 omnes
1005 3956 1273 4056 ubique
1306 3965 1683 4032 terrarum
1711 3968 1984 4058 gente-s·
2016 3959 2204 4033 mire
2255 3958 2816 4056 conspirant.—

731 4069 936 4145 Quid
969 4070 1031 4143 si
1064 4069 1330 4142 falsum
1362 4069 1503 4143 hoe
1539 4071 1635 4146 sit
1662 4070 1687 4142 ?

836 4183 933 4257 B.
986 4182 1236 4256 Minus
1269 4181 1349 4254 id
1381 4183 1648 4257 mirum
1685 4182 1848 4257 erit.

830 4296 929 4370 A.
980 4294 1202 4369 Walli
1260 4296 1493 4369 nostri
1549 4315 1627 4370 et
1684 4297 2050 4371 Armoriei
2108 4297 2360 4371 Galliae
2417 4320 2649 4393 nsque
2717 4297 2814 4370 ad

729 4407 980 4483 decem
1036 4409 1333 4507 quidem
1392 4411 1483 4484 ab
1531 4411 1819 4486 unitate
1872 4411 2469 4508 progrediuntur,
2503 4422 2590 4483 ut
2629 4434 2809 4496 nos;
