<?xml version="1.0" encoding="UTF-8"?>
<!DOCTYPE html PUBLIC "-//W3C//DTD XHTML 1.0 Transitional//EN"
    "http://www.w3.org/TR/xhtml1/DTD/xhtml1-transitional.dtd">
<html xmlns="http://www.w3.org/1999/xhtml" xml:lang="en" lang="en">
 <head>
  <title>
</title>
<meta http-equiv="Content-Type" content="text/html;charset=utf-8" />
  <meta name='ocr-system' content='tesseract 3.04.00' />
  <meta name='ocr-capabilities' content='ocr_page ocr_carea ocr_par ocr_line ocrx_word'/>
</head>
<body>
  <div class='ocr_page' id='page_1' title='image "./thomhobbesmalme02molegoog_0326.png"; bbox 0 0 3094 5125; ppageno 0'>
   <div class='ocr_carea' id='block_1_1' title="bbox 298 656 529 700">
    <p class='ocr_par' dir='ltr' id='par_1_1' title="bbox 298 656 529 700">
     <span class='ocr_line' id='line_1_1' title="bbox 298 656 529 700; baseline 0.009 -3"><span class='ocrx_word' id='word_1_1' title='bbox 298 656 434 698; x_wconf 72' lang='lat' dir='ltr'>CAP.</span> <span class='ocrx_word' id='word_1_2' title='bbox 465 658 529 700; x_wconf 89' lang='lat'>11.</span> 
     </span>
    </p>
   </div>
   <div class='ocr_carea' id='block_1_2' title="bbox 641 454 2170 526">
    <p class='ocr_par' dir='ltr' id='par_1_2' title="bbox 641 454 2170 526">
     <span class='ocr_line' id='line_1_2' title="bbox 641 454 2170 526; baseline 0.003 -4"><span class='ocrx_word' id='word_1_3' title='bbox 641 454 784 522; x_wconf 88' lang='lat'>314</span> <span class='ocrx_word' id='word_1_4' title='bbox 1188 470 1746 524; x_wconf 68' lang='lat' dir='ltr'>PnonmsMA&#39;rA</span> <span class='ocrx_word' id='word_1_5' title='bbox 1784 470 2170 526; x_wconf 73' lang='lat' dir='ltr'>PanloA.</span> 
     </span>
    </p>
   </div>
   <div class='ocr_carea' id='block_1_3' title="bbox 636 636 2717 737">
    <p class='ocr_par' dir='ltr' id='par_1_3' title="bbox 636 636 2717 737">
     <span class='ocr_line' id='line_1_3' title="bbox 636 636 2717 737; baseline 0.001 -28"><span class='ocrx_word' id='word_1_6' title='bbox 636 636 951 710; x_wconf 89' lang='lat' dir='ltr'>marium</span> <span class='ocrx_word' id='word_1_7' title='bbox 973 638 1303 711; x_wconf 91' lang='lat' dir='ltr'>omnium</span> <span class='ocrx_word' id='word_1_8' title='bbox 1338 664 1503 736; x_wconf 85' lang='lat' dir='ltr'>quae</span> <span class='ocrx_word' id='word_1_9' title='bbox 1537 642 1631 714; x_wconf 90' lang='lat' dir='ltr'>ab</span> <span class='ocrx_word' id='word_1_10' title='bbox 1665 640 1791 714; x_wconf 93' lang='lat' dir='ltr'>illo</span> <span class='ocrx_word' id='word_1_11' title='bbox 1820 641 1895 714; x_wconf 93' lang='lat' dir='ltr'>in</span> <span class='ocrx_word' id='word_1_12' title='bbox 1920 640 2514 737; x_wconf 84' lang='lat' dir='ltr'>Septentrionem</span> <span class='ocrx_word' id='word_1_13' title='bbox 2541 662 2717 711; x_wconf 92' lang='lat' dir='ltr'>con-</span> 
     </span>
    </p>
   </div>
   <div class='ocr_carea' id='block_1_4' title="bbox 275 750 2722 853">
    <p class='ocr_par' dir='ltr' id='par_1_4' title="bbox 275 750 2722 853">
     <span class='ocr_line' id='line_1_4' title="bbox 275 750 2722 853; baseline 0 -30"><span class='ocrx_word' id='word_1_14' title='bbox 275 783 345 827; x_wconf 72' lang='lat' dir='ltr'>Do</span> <span class='ocrx_word' id='word_1_15' title='bbox 364 785 543 831; x_wconf 54' lang='lat' dir='ltr'>...mm</span> <span class='ocrx_word' id='word_1_16' title='bbox 639 750 928 824; x_wconf 84' lang='lat' dir='ltr'>tinuata</span> <span class='ocrx_word' id='word_1_17' title='bbox 960 764 1175 826; x_wconf 85' lang='lat' dir='ltr'>sunt:</span> <span class='ocrx_word' id='word_1_18' title='bbox 1226 752 1368 826; x_wconf 89' lang='lat' dir='ltr'>nisi</span> <span class='ocrx_word' id='word_1_19' title='bbox 1402 754 1601 850; x_wconf 90' lang='lat' dir='ltr'>quod</span> <span class='ocrx_word' id='word_1_20' title='bbox 1653 755 1921 853; x_wconf 90' lang='lat' dir='ltr'>partim</span> <span class='ocrx_word' id='word_1_21' title='bbox 1967 767 2378 851; x_wconf 82' lang='lat' dir='ltr'>augeantur</span> <span class='ocrx_word' id='word_1_22' title='bbox 2414 752 2641 827; x_wconf 88' lang='lat' dir='ltr'>etiam</span> <span class='ocrx_word' id='word_1_23' title='bbox 2674 775 2722 823; x_wconf 90' lang='lat' dir='ltr'>a</span> 
     </span>
    </p>
   </div>
   <div class='ocr_carea' id='block_1_5' title="bbox 273 850 470 894">
    <p class='ocr_par' dir='ltr' id='par_1_5' title="bbox 273 850 470 894">
     <span class='ocr_line' id='line_1_5' title="bbox 273 850 470 894; baseline 0.015 -3"><span class='ocrx_word' id='word_1_24' title='bbox 273 850 470 894; x_wconf 70' lang='lat' dir='ltr'>marinis.</span> 
     </span>
    </p>
   </div>
   <div class='ocr_carea' id='block_1_6' title="bbox 614 864 2720 4477">
    <p class='ocr_par' dir='ltr' id='par_1_6' title="bbox 635 864 2720 1529">
     <span class='ocr_line' id='line_1_6' title="bbox 635 864 2720 964; baseline -0 -27"><span class='ocrx_word' id='word_1_25' title='bbox 635 864 821 937; x_wconf 87' lang='lat' dir='ltr'>mari</span> <span class='ocrx_word' id='word_1_26' title='bbox 856 889 1123 962; x_wconf 89' lang='lat' dir='ltr'>magno</span> <span class='ocrx_word' id='word_1_27' title='bbox 1148 867 1494 954; x_wconf 84' lang='lat' dir='ltr'>Australi,</span> <span class='ocrx_word' id='word_1_28' title='bbox 1521 891 1656 964; x_wconf 91' lang='lat' dir='ltr'>per</span> <span class='ocrx_word' id='word_1_29' title='bbox 1688 868 1960 942; x_wconf 88' lang='lat' dir='ltr'>fretum</span> <span class='ocrx_word' id='word_1_30' title='bbox 1982 868 2224 941; x_wconf 91' lang='lat' dir='ltr'>Anian</span> <span class='ocrx_word' id='word_1_31' title='bbox 2247 869 2439 940; x_wconf 90' lang='lat' dir='ltr'>inter</span> <span class='ocrx_word' id='word_1_32' title='bbox 2465 864 2720 938; x_wconf 86' lang='lat' dir='ltr'>Asiam</span> 
     </span>
     <span class='ocr_line' id='line_1_7' title="bbox 636 979 2711 1078; baseline 0 -27"><span class='ocrx_word' id='word_1_33' title='bbox 636 987 711 1051; x_wconf 90' lang='lat' dir='ltr'>et</span> <span class='ocrx_word' id='word_1_34' title='bbox 764 979 1178 1053; x_wconf 90' lang='lat' dir='ltr'>Americam</span> <span class='ocrx_word' id='word_1_35' title='bbox 1244 980 1321 1052; x_wconf 93' lang='lat' dir='ltr'>in</span> <span class='ocrx_word' id='word_1_36' title='bbox 1380 982 1613 1055; x_wconf 89' lang='lat' dir='ltr'>maria</span> <span class='ocrx_word' id='word_1_37' title='bbox 1672 982 2273 1078; x_wconf 83' lang='lat' dir='ltr'>septentrionalia</span> <span class='ocrx_word' id='word_1_38' title='bbox 2330 980 2711 1053; x_wconf 85' lang='lat' dir='ltr'>influente.</span> 
     </span>
     <span class='ocr_line' id='line_1_8' title="bbox 639 1091 2716 1193; baseline -0.001 -27"><span class='ocrx_word' id='word_1_39' title='bbox 639 1091 860 1166; x_wconf 75' lang='lat' dir='ltr'>Quod</span> <span class='ocrx_word' id='word_1_40' title='bbox 894 1104 1144 1165; x_wconf 89' lang='lat' dir='ltr'>autem</span> <span class='ocrx_word' id='word_1_41' title='bbox 1176 1119 1379 1167; x_wconf 89' lang='lat' dir='ltr'>mare</span> <span class='ocrx_word' id='word_1_42' title='bbox 1414 1119 1855 1193; x_wconf 89' lang='lat' dir='ltr'>unoquoque</span> <span class='ocrx_word' id='word_1_43' title='bbox 1877 1095 1996 1168; x_wconf 91' lang='lat' dir='ltr'>die</span> <span class='ocrx_word' id='word_1_44' title='bbox 2017 1094 2113 1168; x_wconf 92' lang='lat' dir='ltr'>ad</span> <span class='ocrx_word' id='word_1_45' title='bbox 2133 1093 2447 1168; x_wconf 85' lang='lat' dir='ltr'>eundem</span> <span class='ocrx_word' id='word_1_46' title='bbox 2470 1093 2716 1165; x_wconf 91' lang='lat' dir='ltr'>locum</span> 
     </span>
     <span class='ocr_line' id='line_1_9' title="bbox 635 1204 2717 1305; baseline 0 -29"><span class='ocrx_word' id='word_1_47' title='bbox 635 1204 749 1276; x_wconf 88' lang='lat' dir='ltr'>bis</span> <span class='ocrx_word' id='word_1_48' title='bbox 783 1204 1177 1300; x_wconf 87' lang='lat' dir='ltr'>repleatur,</span> <span class='ocrx_word' id='word_1_49' title='bbox 1213 1209 1630 1304; x_wconf 88' lang='lat' dir='ltr'>argumenti</span> <span class='ocrx_word' id='word_1_50' title='bbox 1657 1209 1823 1283; x_wconf 89' lang='lat' dir='ltr'>loco</span> <span class='ocrx_word' id='word_1_51' title='bbox 1858 1209 2041 1281; x_wconf 89' lang='lat' dir='ltr'>mihi</span> <span class='ocrx_word' id='word_1_52' title='bbox 2075 1220 2209 1298; x_wconf 87' lang='lat' dir='ltr'>est,</span> <span class='ocrx_word' id='word_1_53' title='bbox 2243 1206 2444 1305; x_wconf 91' lang='lat' dir='ltr'>quod</span> <span class='ocrx_word' id='word_1_54' title='bbox 2474 1207 2717 1302; x_wconf 84' lang='lat' dir='ltr'>perio-</span> 
     </span>
     <span class='ocr_line' id='line_1_10' title="bbox 639 1314 2716 1420; baseline 0.002 -33"><span class='ocrx_word' id='word_1_55' title='bbox 639 1314 776 1389; x_wconf 86' lang='lat' dir='ltr'>dus</span> <span class='ocrx_word' id='word_1_56' title='bbox 810 1330 1076 1408; x_wconf 79' lang='lat' dir='ltr'>motuS,</span> <span class='ocrx_word' id='word_1_57' title='bbox 1112 1344 1328 1416; x_wconf 91' lang='lat' dir='ltr'>quem</span> <span class='ocrx_word' id='word_1_58' title='bbox 1364 1322 1440 1394; x_wconf 94' lang='lat' dir='ltr'>in</span> <span class='ocrx_word' id='word_1_59' title='bbox 1476 1335 1676 1396; x_wconf 89' lang='lat' dir='ltr'>terra</span> <span class='ocrx_word' id='word_1_60' title='bbox 1721 1321 2092 1420; x_wconf 86' lang='lat' dir='ltr'>supposui,</span> <span class='ocrx_word' id='word_1_61' title='bbox 2128 1346 2277 1396; x_wconf 93' lang='lat' dir='ltr'>uno</span> <span class='ocrx_word' id='word_1_62' title='bbox 2326 1321 2447 1394; x_wconf 90' lang='lat' dir='ltr'>die</span> <span class='ocrx_word' id='word_1_63' title='bbox 2500 1330 2716 1393; x_wconf 87' lang='lat' dir='ltr'>natu-</span> 
     </span>
     <span class='ocr_line' id='line_1_11' title="bbox 635 1429 1605 1529; baseline 0.007 -29"><span class='ocrx_word' id='word_1_64' title='bbox 635 1429 774 1501; x_wconf 91' lang='lat' dir='ltr'>rali</span> <span class='ocrx_word' id='word_1_65' title='bbox 807 1430 917 1503; x_wconf 92' lang='lat' dir='ltr'>bis</span> <span class='ocrx_word' id='word_1_66' title='bbox 943 1433 1394 1529; x_wconf 89' lang='lat' dir='ltr'>compleatur</span> <span class='ocrx_word' id='word_1_67' title='bbox 1427 1434 1605 1507; x_wconf 90' lang='lat' dir='ltr'>fere.</span> 
     </span>
    </p>

    <p class='ocr_par' dir='ltr' id='par_1_7' title="bbox 633 1543 2715 1849">
     <span class='ocr_line' id='line_1_12' title="bbox 740 1543 2715 1620; baseline 0.001 -4"><span class='ocrx_word' id='word_1_68' title='bbox 740 1543 835 1616; x_wconf 83' lang='lat' dir='ltr'>A.</span> <span class='ocrx_word' id='word_1_69' title='bbox 895 1545 1041 1618; x_wconf 88' lang='lat' dir='ltr'>Sed</span> <span class='ocrx_word' id='word_1_70' title='bbox 1087 1570 1332 1619; x_wconf 89' lang='lat' dir='ltr'>nonne</span> <span class='ocrx_word' id='word_1_71' title='bbox 1387 1547 1610 1620; x_wconf 89' lang='lat' dir='ltr'>etiam</span> <span class='ocrx_word' id='word_1_72' title='bbox 1664 1570 1866 1620; x_wconf 90' lang='lat' dir='ltr'>mare</span> <span class='ocrx_word' id='word_1_73' title='bbox 1920 1546 2549 1620; x_wconf 87' lang='lat' dir='ltr'>Mediterraneum</span> <span class='ocrx_word' id='word_1_74' title='bbox 2590 1569 2715 1618; x_wconf 84' lang='lat' dir='ltr'>ex-</span> 
     </span>
     <span class='ocr_line' id='line_1_13' title="bbox 639 1657 2713 1735; baseline 0.001 -6"><span class='ocrx_word' id='word_1_75' title='bbox 639 1657 971 1731; x_wconf 89' lang='lat' dir='ltr'>tenditur</span> <span class='ocrx_word' id='word_1_76' title='bbox 1003 1660 1096 1732; x_wconf 89' lang='lat' dir='ltr'>ab</span> <span class='ocrx_word' id='word_1_77' title='bbox 1124 1660 1425 1734; x_wconf 90' lang='lat' dir='ltr'>Oriente</span> <span class='ocrx_word' id='word_1_78' title='bbox 1447 1662 1523 1734; x_wconf 93' lang='lat' dir='ltr'>in</span> <span class='ocrx_word' id='word_1_79' title='bbox 1553 1660 2084 1735; x_wconf 80' lang='lat' dir='ltr'>Occidentem?</span> <span class='ocrx_word' id='word_1_80' title='bbox 2139 1659 2289 1732; x_wconf 88' lang='lat' dir='ltr'>Cur</span> <span class='ocrx_word' id='word_1_81' title='bbox 2310 1683 2461 1732; x_wconf 93' lang='lat' dir='ltr'>non</span> <span class='ocrx_word' id='word_1_82' title='bbox 2489 1660 2713 1732; x_wconf 90' lang='lat' dir='ltr'>etiam</span> 
     </span>
     <span class='ocr_line' id='line_1_14' title="bbox 633 1772 1693 1849; baseline 0.003 -4"><span class='ocrx_word' id='word_1_83' title='bbox 633 1772 710 1845; x_wconf 93' lang='lat' dir='ltr'>in</span> <span class='ocrx_word' id='word_1_84' title='bbox 745 1772 871 1846; x_wconf 89' lang='lat' dir='ltr'>illo</span> <span class='ocrx_word' id='word_1_85' title='bbox 905 1773 1174 1847; x_wconf 87' lang='lat' dir='ltr'>similes</span> <span class='ocrx_word' id='word_1_86' title='bbox 1198 1776 1388 1848; x_wconf 90' lang='lat' dir='ltr'>fiunt</span> <span class='ocrx_word' id='word_1_87' title='bbox 1423 1774 1693 1849; x_wconf 80' lang='lat' dir='ltr'>aestus?</span> 
     </span>
    </p>

    <p class='ocr_par' dir='ltr' id='par_1_8' title="bbox 631 1883 2714 2088">
     <span class='ocr_line' id='line_1_15' title="bbox 734 1883 2714 1985; baseline -0.002 -26"><span class='ocrx_word' id='word_1_88' title='bbox 734 1886 831 1960; x_wconf 91' lang='lat' dir='ltr'>B.</span> <span class='ocrx_word' id='word_1_89' title='bbox 888 1887 1109 1960; x_wconf 88' lang='lat' dir='ltr'>Fiunt</span> <span class='ocrx_word' id='word_1_90' title='bbox 1139 1916 1157 1959; x_wconf 74' lang='grc' dir='ltr'><strong>ι</strong></span> <span class='ocrx_word' id='word_1_91' title='bbox 1212 1887 1363 1977; x_wconf 89' lang='lat' dir='ltr'>sed,</span> <span class='ocrx_word' id='word_1_92' title='bbox 1400 1913 1535 1985; x_wconf 90' lang='lat' dir='ltr'>pro</span> <span class='ocrx_word' id='word_1_93' title='bbox 1566 1888 2026 1985; x_wconf 89' lang='lat' dir='ltr'>longitudine</span> <span class='ocrx_word' id='word_1_94' title='bbox 2063 1896 2138 1958; x_wconf 92' lang='lat' dir='ltr'>et</span> <span class='ocrx_word' id='word_1_95' title='bbox 2171 1909 2381 1982; x_wconf 85' lang='lat' dir='ltr'>aquae</span> <span class='ocrx_word' id='word_1_96' title='bbox 2422 1883 2714 1980; x_wconf 89' lang='lat' dir='ltr'>quanti-</span> 
     </span>
     <span class='ocr_line' id='line_1_16' title="bbox 631 2000 1186 2088; baseline -0.004 -13"><span class='ocrx_word' id='word_1_97' title='bbox 631 2009 807 2088; x_wconf 91' lang='lat' dir='ltr'>tate,</span> <span class='ocrx_word' id='word_1_98' title='bbox 845 2000 1186 2073; x_wconf 78' lang='lat' dir='ltr'>minoreS.</span> 
     </span>
    </p>

    <p class='ocr_par' dir='ltr' id='par_1_9' title="bbox 630 2110 2706 2300">
     <span class='ocr_line' id='line_1_17' title="bbox 732 2110 2706 2200; baseline -0.002 -14"><span class='ocrx_word' id='word_1_99' title='bbox 732 2114 829 2186; x_wconf 87' lang='lat' dir='ltr'>A.</span> <span class='ocrx_word' id='word_1_100' title='bbox 884 2114 1155 2187; x_wconf 86' lang='lat' dir='ltr'>Genoae</span> <span class='ocrx_word' id='word_1_101' title='bbox 1195 2125 1272 2187; x_wconf 93' lang='lat' dir='ltr'>et</span> <span class='ocrx_word' id='word_1_102' title='bbox 1304 2115 1636 2188; x_wconf 79' lang='lat' dir='ltr'>Anconae</span> <span class='ocrx_word' id='word_1_103' title='bbox 1669 2127 1889 2186; x_wconf 87' lang='lat' dir='ltr'>aestus</span> <span class='ocrx_word' id='word_1_104' title='bbox 1943 2111 2125 2185; x_wconf 85' lang='lat' dir='ltr'>nulli</span> <span class='ocrx_word' id='word_1_105' title='bbox 2173 2121 2369 2200; x_wconf 87' lang='lat' dir='ltr'>sunt,</span> <span class='ocrx_word' id='word_1_106' title='bbox 2406 2110 2521 2182; x_wconf 85' lang='lat' dir='ltr'>vel</span> <span class='ocrx_word' id='word_1_107' title='bbox 2559 2110 2706 2184; x_wconf 89' lang='lat' dir='ltr'>sal-</span> 
     </span>
     <span class='ocr_line' id='line_1_18' title="bbox 630 2227 1293 2300; baseline 0 0"><span class='ocrx_word' id='word_1_108' title='bbox 630 2239 780 2300; x_wconf 88' lang='lat' dir='ltr'>tem</span> <span class='ocrx_word' id='word_1_109' title='bbox 816 2227 1293 2300; x_wconf 79' lang='lat' dir='ltr'>insensibiles,</span> 
     </span>
    </p>

    <p class='ocr_par' dir='ltr' id='par_1_10' title="bbox 624 2337 2709 2890">
     <span class='ocr_line' id='line_1_19' title="bbox 730 2337 2707 2428; baseline -0.001 -15"><span class='ocrx_word' id='word_1_110' title='bbox 730 2340 827 2413; x_wconf 91' lang='lat' dir='ltr'>B.</span> <span class='ocrx_word' id='word_1_111' title='bbox 880 2341 1207 2414; x_wconf 88' lang='lat' dir='ltr'>Venetiis</span> <span class='ocrx_word' id='word_1_112' title='bbox 1241 2352 1512 2428; x_wconf 87' lang='lat' dir='ltr'>autem,</span> <span class='ocrx_word' id='word_1_113' title='bbox 1542 2351 1619 2414; x_wconf 92' lang='lat' dir='ltr'>et</span> <span class='ocrx_word' id='word_1_114' title='bbox 1652 2338 1747 2412; x_wconf 90' lang='lat' dir='ltr'>ad</span> <span class='ocrx_word' id='word_1_115' title='bbox 1781 2340 2002 2413; x_wconf 89' lang='lat' dir='ltr'>litora</span> <span class='ocrx_word' id='word_1_116' title='bbox 2028 2338 2457 2426; x_wconf 85' lang='lat' dir='ltr'>Palaestinae,</span> <span class='ocrx_word' id='word_1_117' title='bbox 2493 2337 2707 2411; x_wconf 86' lang='lat' dir='ltr'>valde</span> 
     </span>
     <span class='ocr_line' id='line_1_20' title="bbox 626 2454 2707 2550; baseline -0 -24"><span class='ocrx_word' id='word_1_118' title='bbox 626 2454 1004 2527; x_wconf 91' lang='lat' dir='ltr'>sensibiles</span> <span class='ocrx_word' id='word_1_119' title='bbox 1039 2467 1230 2527; x_wconf 89' lang='lat' dir='ltr'>sunt.</span> <span class='ocrx_word' id='word_1_120' title='bbox 1337 2455 1732 2543; x_wconf 85' lang='lat' dir='ltr'>Caeterum,</span> <span class='ocrx_word' id='word_1_121' title='bbox 1768 2466 2070 2550; x_wconf 90' lang='lat' dir='ltr'>propter</span> <span class='ocrx_word' id='word_1_122' title='bbox 2112 2476 2409 2525; x_wconf 89' lang='lat' dir='ltr'>cursum</span> <span class='ocrx_word' id='word_1_123' title='bbox 2444 2477 2707 2526; x_wconf 87' lang='lat' dir='ltr'>secun-</span> 
     </span>
     <span class='ocr_line' id='line_1_21' title="bbox 628 2566 2709 2663; baseline 0 -23"><span class='ocrx_word' id='word_1_124' title='bbox 628 2567 803 2640; x_wconf 91' lang='lat' dir='ltr'>dum</span> <span class='ocrx_word' id='word_1_125' title='bbox 872 2567 1406 2663; x_wconf 87' lang='lat' dir='ltr'>longitudinem</span> <span class='ocrx_word' id='word_1_126' title='bbox 1476 2567 1695 2640; x_wconf 88' lang='lat' dir='ltr'>maris</span> <span class='ocrx_word' id='word_1_127' title='bbox 1765 2566 2291 2641; x_wconf 88' lang='lat' dir='ltr'>Mediterranei</span> <span class='ocrx_word' id='word_1_128' title='bbox 2354 2578 2432 2639; x_wconf 90' lang='lat' dir='ltr'>et</span> <span class='ocrx_word' id='word_1_129' title='bbox 2486 2568 2709 2640; x_wconf 88' lang='lat' dir='ltr'>Sinus</span> 
     </span>
     <span class='ocr_line' id='line_1_22' title="bbox 625 2679 2709 2776; baseline 0 -23"><span class='ocrx_word' id='word_1_130' title='bbox 625 2680 1009 2768; x_wconf 88' lang='lat' dir='ltr'>Adriatici,</span> <span class='ocrx_word' id='word_1_131' title='bbox 1046 2681 1286 2752; x_wconf 88' lang='lat' dir='ltr'>minus</span> <span class='ocrx_word' id='word_1_132' title='bbox 1320 2680 1640 2776; x_wconf 90' lang='lat' dir='ltr'>assurgit</span> <span class='ocrx_word' id='word_1_133' title='bbox 1667 2703 1858 2775; x_wconf 90' lang='lat' dir='ltr'>aqua</span> <span class='ocrx_word' id='word_1_134' title='bbox 1891 2680 1967 2753; x_wconf 93' lang='lat' dir='ltr'>in</span> <span class='ocrx_word' id='word_1_135' title='bbox 1999 2679 2337 2753; x_wconf 88' lang='lat' dir='ltr'>litoribus</span> <span class='ocrx_word' id='word_1_136' title='bbox 2373 2703 2418 2752; x_wconf 92' lang='lat' dir='ltr'>a</span> <span class='ocrx_word' id='word_1_137' title='bbox 2445 2680 2709 2776; x_wconf 90' lang='lat' dir='ltr'>quibus</span> 
     </span>
     <span class='ocr_line' id='line_1_23' title="bbox 624 2793 1379 2890; baseline 0 -24"><span class='ocrx_word' id='word_1_138' title='bbox 624 2794 925 2867; x_wconf 90' lang='lat' dir='ltr'>minime</span> <span class='ocrx_word' id='word_1_139' title='bbox 959 2793 1379 2890; x_wconf 89' lang='lat' dir='ltr'>impeditur.</span> 
     </span>
    </p>

    <p class='ocr_par' dir='ltr' id='par_1_11' title="bbox 622 2905 2709 3232">
     <span class='ocr_line' id='line_1_24' title="bbox 726 2905 2709 2983; baseline -0.001 -2"><span class='ocrx_word' id='word_1_140' title='bbox 726 2908 822 2981; x_wconf 83' lang='lat' dir='ltr'>A.</span> <span class='ocrx_word' id='word_1_141' title='bbox 879 2908 1267 2983; x_wconf 74' lang='lat' dir='ltr'>Quomodo</span> <span class='ocrx_word' id='word_1_142' title='bbox 1308 2918 1558 2981; x_wconf 90' lang='lat' dir='ltr'>autem</span> <span class='ocrx_word' id='word_1_143' title='bbox 1602 2906 1717 2982; x_wconf 87' lang='lat' dir='ltr'>his</span> <span class='ocrx_word' id='word_1_144' title='bbox 1770 2907 1989 2981; x_wconf 90' lang='lat' dir='ltr'>rebus</span> <span class='ocrx_word' id='word_1_145' title='bbox 2040 2907 2147 2980; x_wconf 90' lang='lat' dir='ltr'>ita</span> <span class='ocrx_word' id='word_1_146' title='bbox 2206 2930 2284 2979; x_wconf 91' lang='lat' dir='ltr'>se</span> <span class='ocrx_word' id='word_1_147' title='bbox 2343 2905 2709 2980; x_wconf 89' lang='lat' dir='ltr'>immiscet</span> 
     </span>
     <span class='ocr_line' id='line_1_25' title="bbox 622 3020 2707 3117; baseline -0.001 -23"><span class='ocrx_word' id='word_1_148' title='bbox 622 3021 820 3112; x_wconf 90' lang='lat' dir='ltr'>luna,</span> <span class='ocrx_word' id='word_1_149' title='bbox 872 3033 956 3096; x_wconf 90' lang='lat' dir='ltr'>ut</span> <span class='ocrx_word' id='word_1_150' title='bbox 1003 3023 1080 3095; x_wconf 93' lang='lat' dir='ltr'>in</span> <span class='ocrx_word' id='word_1_151' title='bbox 1124 3022 1513 3095; x_wconf 88' lang='lat' dir='ltr'>noviluniis</span> <span class='ocrx_word' id='word_1_152' title='bbox 1569 3032 1645 3093; x_wconf 89' lang='lat' dir='ltr'>et</span> <span class='ocrx_word' id='word_1_153' title='bbox 1688 3021 2104 3117; x_wconf 90' lang='lat' dir='ltr'>pleniluniis</span> <span class='ocrx_word' id='word_1_154' title='bbox 2160 3031 2380 3093; x_wconf 84' lang='lat' dir='ltr'>aestus</span> <span class='ocrx_word' id='word_1_155' title='bbox 2442 3020 2707 3091; x_wconf 90' lang='lat' dir='ltr'>marini</span> 
     </span>
     <span class='ocr_line' id='line_1_26' title="bbox 622 3135 1812 3232; baseline -0.002 -24"><span class='ocrx_word' id='word_1_156' title='bbox 622 3135 891 3232; x_wconf 91' lang='lat' dir='ltr'>ubique</span> <span class='ocrx_word' id='word_1_157' title='bbox 925 3136 1313 3232; x_wconf 90' lang='lat' dir='ltr'>insigniter</span> <span class='ocrx_word' id='word_1_158' title='bbox 1348 3146 1757 3232; x_wconf 88' lang='lat' dir='ltr'>augeantur</span> <span class='ocrx_word' id='word_1_159' title='bbox 1787 3135 1812 3206; x_wconf 69' lang='grc' dir='ltr'><em>ἒ</em></span> 
     </span>
    </p>

    <p class='ocr_par' dir='ltr' id='par_1_12' title="bbox 614 3245 2703 4477">
     <span class='ocr_line' id='line_1_27' title="bbox 721 3245 2703 3346; baseline -0.001 -26"><span class='ocrx_word' id='word_1_160' title='bbox 721 3249 817 3320; x_wconf 89' lang='grc' dir='ltr'>Β.</span> <span class='ocrx_word' id='word_1_161' title='bbox 875 3250 1191 3322; x_wconf 90' lang='lat' dir='ltr'>Motum·</span> <span class='ocrx_word' id='word_1_162' title='bbox 1219 3273 1435 3346; x_wconf 88' lang='lat' dir='ltr'>quem</span> <span class='ocrx_word' id='word_1_163' title='bbox 1488 3251 1567 3320; x_wconf 93' lang='lat' dir='ltr'>in</span> <span class='ocrx_word' id='word_1_164' title='bbox 1625 3247 1887 3322; x_wconf 89' lang='lat' dir='ltr'>tellure</span> <span class='ocrx_word' id='word_1_165' title='bbox 1947 3245 2316 3343; x_wconf 86' lang='lat' dir='ltr'>supposui,</span> <span class='ocrx_word' id='word_1_166' title='bbox 2372 3270 2703 3342; x_wconf 91' lang='lat' dir='ltr'>suppono</span> 
     </span>
     <span class='ocr_line' id='line_1_28' title="bbox 623 3359 2701 3458; baseline -0.001 -24"><span class='ocrx_word' id='word_1_167' title='bbox 623 3385 910 3458; x_wconf 90' lang='lat' dir='ltr'>quoque</span> <span class='ocrx_word' id='word_1_168' title='bbox 943 3363 1020 3435; x_wconf 91' lang='lat' dir='ltr'>in</span> <span class='ocrx_word' id='word_1_169' title='bbox 1057 3364 1231 3451; x_wconf 89' lang='lat' dir='ltr'>sole,</span> <span class='ocrx_word' id='word_1_170' title='bbox 1268 3377 1346 3436; x_wconf 89' lang='lat' dir='ltr'>et</span> <span class='ocrx_word' id='word_1_171' title='bbox 1377 3362 1577 3450; x_wconf 91' lang='lat' dir='ltr'>luna,</span> <span class='ocrx_word' id='word_1_172' title='bbox 1612 3373 1688 3434; x_wconf 90' lang='lat' dir='ltr'>et</span> <span class='ocrx_word' id='word_1_173' title='bbox 1735 3362 2021 3434; x_wconf 82' lang='lat' dir='ltr'>caeteris</span> <span class='ocrx_word' id='word_1_174' title='bbox 2066 3359 2294 3434; x_wconf 90' lang='lat' dir='ltr'>stellis</span> <span class='ocrx_word' id='word_1_175' title='bbox 2340 3361 2701 3433; x_wconf 90' lang='lat' dir='ltr'>omnibus.</span> 
     </span>
     <span class='ocr_line' id='line_1_29' title="bbox 625 3473 2703 3569; baseline -0.002 -19"><span class='ocrx_word' id='word_1_176' title='bbox 625 3477 847 3552; x_wconf 73' lang='lat' dir='ltr'>Quod</span> <span class='ocrx_word' id='word_1_177' title='bbox 881 3486 1125 3549; x_wconf 89' lang='lat' dir='ltr'>autem</span> <span class='ocrx_word' id='word_1_178' title='bbox 1172 3476 1439 3549; x_wconf 88' lang='lat' dir='ltr'>attinet</span> <span class='ocrx_word' id='word_1_179' title='bbox 1474 3475 1570 3549; x_wconf 87' lang='lat' dir='ltr'>ad</span> <span class='ocrx_word' id='word_1_180' title='bbox 1619 3487 1903 3547; x_wconf 89' lang='lat' dir='ltr'>motum</span> <span class='ocrx_word' id='word_1_181' title='bbox 1958 3475 2156 3547; x_wconf 90' lang='lat' dir='ltr'>hunc</span> <span class='ocrx_word' id='word_1_182' title='bbox 2210 3484 2570 3569; x_wconf 89' lang='lat' dir='ltr'>quatenus</span> <span class='ocrx_word' id='word_1_183' title='bbox 2623 3473 2703 3546; x_wconf 93' lang='lat' dir='ltr'>in</span> 
     </span>
     <span class='ocr_line' id='line_1_30' title="bbox 621 3587 2702 3684; baseline -0.001 -21"><span class='ocrx_word' id='word_1_184' title='bbox 621 3590 772 3663; x_wconf 91' lang='lat' dir='ltr'>sole</span> <span class='ocrx_word' id='word_1_185' title='bbox 809 3602 884 3663; x_wconf 90' lang='lat' dir='ltr'>et</span> <span class='ocrx_word' id='word_1_186' title='bbox 917 3590 1093 3662; x_wconf 92' lang='lat' dir='ltr'>luna</span> <span class='ocrx_word' id='word_1_187' title='bbox 1136 3590 1665 3677; x_wconf 90' lang='lat' dir='ltr'>consideratur,</span> <span class='ocrx_word' id='word_1_188' title='bbox 1711 3589 1920 3684; x_wconf 90' lang='lat' dir='ltr'>polos</span> <span class='ocrx_word' id='word_1_189' title='bbox 1974 3589 2131 3683; x_wconf 88' lang='lat' dir='ltr'>ejus</span> <span class='ocrx_word' id='word_1_190' title='bbox 2187 3587 2485 3660; x_wconf 87' lang='lat' dir='ltr'>eosdem</span> <span class='ocrx_word' id='word_1_191' title='bbox 2544 3611 2702 3661; x_wconf 88' lang='lat' dir='ltr'>esse</span> 
     </span>
     <span class='ocr_line' id='line_1_31' title="bbox 620 3701 2700 3801; baseline -0.002 -23"><span class='ocrx_word' id='word_1_192' title='bbox 620 3728 951 3801; x_wconf 89' lang='lat' dir='ltr'>suppono</span> <span class='ocrx_word' id='word_1_193' title='bbox 988 3728 1154 3777; x_wconf 88' lang='lat' dir='ltr'>cum</span> <span class='ocrx_word' id='word_1_194' title='bbox 1182 3703 1370 3800; x_wconf 91' lang='lat' dir='ltr'>polis</span> <span class='ocrx_word' id='word_1_195' title='bbox 1406 3703 1662 3776; x_wconf 88' lang='lat' dir='ltr'>circuli</span> <span class='ocrx_word' id='word_1_196' title='bbox 1696 3701 2247 3798; x_wconf 83' lang='lat' dir='ltr'>aequinoctialiS.</span> <span class='ocrx_word' id='word_1_197' title='bbox 2324 3703 2493 3776; x_wconf 71' lang='lat' dir='ltr'>Quo</span> <span class='ocrx_word' id='word_1_198' title='bbox 2529 3726 2700 3798; x_wconf 88' lang='lat' dir='ltr'>sup-</span> 
     </span>
     <span class='ocr_line' id='line_1_32' title="bbox 617 3816 2700 3915; baseline -0.002 -24"><span class='ocrx_word' id='word_1_199' title='bbox 617 3818 880 3915; x_wconf 90' lang='lat' dir='ltr'>posit0,</span> <span class='ocrx_word' id='word_1_200' title='bbox 949 3817 1300 3913; x_wconf 88' lang='lat' dir='ltr'>sequitur,</span> <span class='ocrx_word' id='word_1_201' title='bbox 1369 3817 1717 3912; x_wconf 90' lang='lat' dir='ltr'>quoniam</span> <span class='ocrx_word' id='word_1_202' title='bbox 1785 3816 1917 3904; x_wconf 89' lang='lat' dir='ltr'>sol,</span> <span class='ocrx_word' id='word_1_203' title='bbox 1978 3816 2156 3888; x_wconf 86' lang='lat' dir='ltr'>luna</span> <span class='ocrx_word' id='word_1_204' title='bbox 2212 3828 2288 3888; x_wconf 92' lang='lat' dir='ltr'>et</span> <span class='ocrx_word' id='word_1_205' title='bbox 2358 3827 2556 3888; x_wconf 89' lang='lat' dir='ltr'>terra</span> <span class='ocrx_word' id='word_1_206' title='bbox 2621 3816 2700 3888; x_wconf 90' lang='lat' dir='ltr'>in</span> 
     </span>
     <span class='ocr_line' id='line_1_33' title="bbox 618 3926 2700 4023; baseline -0.003 -18"><span class='ocrx_word' id='word_1_207' title='bbox 618 3932 956 4005; x_wconf 89' lang='lat' dir='ltr'>omnibus</span> <span class='ocrx_word' id='word_1_208' title='bbox 1016 3928 1406 4003; x_wconf 89' lang='lat' dir='ltr'>noviluniis</span> <span class='ocrx_word' id='word_1_209' title='bbox 1466 3939 1541 4001; x_wconf 91' lang='lat' dir='ltr'>et</span> <span class='ocrx_word' id='word_1_210' title='bbox 1602 3927 2021 4023; x_wconf 87' lang='lat' dir='ltr'>pleniluniis</span> <span class='ocrx_word' id='word_1_211' title='bbox 2084 3940 2258 4000; x_wconf 89' lang='lat' dir='ltr'>sunt</span> <span class='ocrx_word' id='word_1_212' title='bbox 2312 3927 2388 3999; x_wconf 93' lang='lat' dir='ltr'>in</span> <span class='ocrx_word' id='word_1_213' title='bbox 2442 3926 2700 3999; x_wconf 90' lang='lat' dir='ltr'>eadem</span> 
     </span>
     <span class='ocr_line' id='line_1_34' title="bbox 615 4039 2698 4130; baseline -0.002 -14"><span class='ocrx_word' id='word_1_214' title='bbox 615 4044 770 4117; x_wconf 90' lang='lat' dir='ltr'>fere</span> <span class='ocrx_word' id='word_1_215' title='bbox 807 4055 1013 4116; x_wconf 89' lang='lat' dir='ltr'>recta</span> <span class='ocrx_word' id='word_1_216' title='bbox 1038 4043 1254 4130; x_wconf 91' lang='lat' dir='ltr'>linea,</span> <span class='ocrx_word' id='word_1_217' title='bbox 1289 4053 1373 4112; x_wconf 91' lang='lat' dir='ltr'>ut</span> <span class='ocrx_word' id='word_1_218' title='bbox 1403 4051 1646 4113; x_wconf 89' lang='lat' dir='ltr'>motus</span> <span class='ocrx_word' id='word_1_219' title='bbox 1679 4041 1801 4112; x_wconf 88' lang='lat' dir='ltr'>bic</span> <span class='ocrx_word' id='word_1_220' title='bbox 1849 4052 2065 4113; x_wconf 84' lang='lat' dir='ltr'>terrae</span> <span class='ocrx_word' id='word_1_221' title='bbox 2100 4040 2420 4113; x_wconf 85' lang='lat' dir='ltr'>velocior</span> <span class='ocrx_word' id='word_1_222' title='bbox 2454 4041 2586 4112; x_wconf 89' lang='lat' dir='ltr'>fiat</span> <span class='ocrx_word' id='word_1_223' title='bbox 2621 4039 2698 4112; x_wconf 92' lang='lat' dir='ltr'>in</span> 
     </span>
     <span class='ocr_line' id='line_1_35' title="bbox 615 4152 2695 4251; baseline -0.002 -22"><span class='ocrx_word' id='word_1_224' title='bbox 615 4157 1008 4231; x_wconf 88' lang='lat' dir='ltr'>noviluniis</span> <span class='ocrx_word' id='word_1_225' title='bbox 1075 4167 1152 4228; x_wconf 90' lang='lat' dir='ltr'>et</span> <span class='ocrx_word' id='word_1_226' title='bbox 1229 4155 1646 4251; x_wconf 89' lang='lat' dir='ltr'>pleniluniis</span> <span class='ocrx_word' id='word_1_227' title='bbox 1715 4177 1929 4250; x_wconf 88' lang='lat' dir='ltr'>quam</span> <span class='ocrx_word' id='word_1_228' title='bbox 2005 4153 2081 4225; x_wconf 92' lang='lat' dir='ltr'>in</span> <span class='ocrx_word' id='word_1_229' title='bbox 2141 4152 2695 4249; x_wconf 90' lang='lat' dir='ltr'>quadrantibus.</span> 
     </span>
     <span class='ocr_line' id='line_1_36' title="bbox 616 4267 2694 4356; baseline -0.001 -13"><span class='ocrx_word' id='word_1_230' title='bbox 616 4270 809 4343; x_wconf 90' lang='lat' dir='ltr'>Nam</span> <span class='ocrx_word' id='word_1_231' title='bbox 846 4282 1087 4343; x_wconf 90' lang='lat' dir='ltr'>motus</span> <span class='ocrx_word' id='word_1_232' title='bbox 1121 4269 1242 4341; x_wconf 88' lang='lat' dir='ltr'>hic</span> <span class='ocrx_word' id='word_1_233' title='bbox 1279 4269 1452 4340; x_wconf 89' lang='lat' dir='ltr'>solis</span> <span class='ocrx_word' id='word_1_234' title='bbox 1490 4280 1562 4341; x_wconf 91' lang='lat' dir='ltr'>et</span> <span class='ocrx_word' id='word_1_235' title='bbox 1596 4268 1789 4340; x_wconf 85' lang='lat' dir='ltr'>lunae</span> <span class='ocrx_word' id='word_1_236' title='bbox 1824 4267 2402 4339; x_wconf 88' lang='lat' dir='ltr'>communicatus</span> <span class='ocrx_word' id='word_1_237' title='bbox 2453 4280 2694 4356; x_wconf 84' lang='lat' dir='ltr'>terrae,</span> 
     </span>
     <span class='ocr_line' id='line_1_37' title="bbox 614 4380 2691 4477; baseline -0.001 -22"><span class='ocrx_word' id='word_1_238' title='bbox 614 4395 895 4457; x_wconf 89' lang='lat' dir='ltr'>motum</span> <span class='ocrx_word' id='word_1_239' title='bbox 950 4382 1141 4457; x_wconf 82' lang='lat' dir='ltr'>illius</span> <span class='ocrx_word' id='word_1_240' title='bbox 1200 4381 1509 4456; x_wconf 89' lang='lat' dir='ltr'>similem</span> <span class='ocrx_word' id='word_1_241' title='bbox 1570 4381 1980 4455; x_wconf 87' lang='lat' dir='ltr'>necessario</span> <span class='ocrx_word' id='word_1_242' title='bbox 2041 4393 2262 4477; x_wconf 91' lang='lat' dir='ltr'>auget</span> <span class='ocrx_word' id='word_1_243' title='bbox 2292 4408 2308 4452; x_wconf 72' lang='grc' dir='ltr'><strong>ι</strong></span> <span class='ocrx_word' id='word_1_244' title='bbox 2376 4380 2691 4453; x_wconf 82' lang='lat' dir='ltr'>maxime</span> 
     </span>
    </p>
   </div>
  </div>
 </body>
</html>
