3094 5125
921 500 1489 554 montaum-A
1526 499 1913 554 Pmrsch,
2317 480 2464 560 327

491 669 592 743 B.
647 669 838 743 Sunt
904 693 1082 766 ergo
1152 669 1565 744 accidentia
1640 668 1766 742 illa
1831 690 2145 764 quorum
2212 689 2470 741 causas

392 783 679 879 quaeris,
785 783 958 857 Dixi
1010 809 1255 881 supra,
1310 783 1508 881 quod
1550 807 1596 856 a
1640 793 1851 856 motu
1903 806 2122 879 quem
2164 781 2243 855 in
2292 781 2471 870 sole,

390 908 613 987 terra,
649 909 728 970 et
760 898 1048 972 caeteris
1082 900 1298 972 astris
1334 898 1707 994 supposui,
1742 920 1870 971 aer
1902 895 2340 993 dissipatur:
2397 905 2475 967 et

388 1035 523 1108 per
556 1034 1011 1107 consequens
1044 1011 1124 1084 ni
1159 1010 1474 1085 mundus
1507 1010 1768 1107 plenus
1803 1020 2020 1099 esset,
2054 1009 2475 1082 innumera-

389 1125 567 1197 bilia
598 1137 844 1198 essent
871 1125 946 1197 in
982 1148 1150 1198 aere
1183 1125 1350 1199 loca
1384 1124 1650 1220 exigua
1682 1148 1938 1197 vacua.
2019 1123 2164 1197 Sed
2199 1121 2478 1196 mundo

391 1238 634 1334 pleno,
688 1238 1044 1334 proximae
1101 1250 1349 1335 partes
1407 1238 1598 1311 aeris
1655 1261 1791 1334 per
1848 1237 2275 1311 continuam
2332 1236 2480 1309 loci

392 1351 884 1425 mutationem
918 1350 1324 1424 succedunt
1369 1351 1447 1423 in
1497 1351 1745 1425 locum
1791 1350 2264 1448 disjectarum
2308 1372 2479 1445 par-

395 1464 607 1551 tium,
641 1487 781 1537 nec
809 1488 1041 1537 vacua
1065 1487 1223 1537 esse
1259 1465 1534 1538 sinunt.

498 1577 684 1651 Cum
732 1600 909 1674 ergo
945 1601 991 1650 a
1023 1589 1231 1651 motu
1264 1575 1657 1650 illiusmodi
1692 1576 1911 1650 solari
1946 1598 2074 1649 aer
2099 1577 2316 1673 juxta
2360 1597 2481 1648 su-

394 1691 770 1788 perficiem
826 1703 1069 1779 terrae,
1132 1703 1217 1764 nt
1277 1690 1455 1779 dixi,
1510 1691 1897 1779 laceretur,
1960 1689 2101 1762 nisi
2157 1688 2483 1784 corporis

397 1804 677 1902 aliquid
713 1827 803 1877 ex
838 1804 999 1901 ipsa
1046 1815 1247 1877 terra
1295 1803 1679 1900 egrediens
1713 1815 2099 1900 rupturam
2132 1801 2333 1875 illam
2366 1824 2483 1874 re-

398 1918 729 2006 sarciret,
765 1940 1018 1990 rursus
1054 1916 1151 1989 ad
1184 1940 1500 1990 vacuum
1539 1914 1999 1988 redeundum
2033 1924 2247 1987 esset.
2351 1914 2484 1987 Sin

399 2030 676 2128 aliquid
698 2054 791 2104 ex
824 2032 986 2128 ipsa
1008 2043 1210 2105 terra
1232 2030 1680 2127 egrediatur,
1709 2042 1890 2103 tunc
1914 2027 2298 2101 manifeste
2321 2027 2483 2100 fieri

399 2170 533 2242 per
584 2146 784 2221 hunc
840 2159 1124 2221 motum
1177 2146 1408 2235 vides,
1455 2155 1540 2217 ut
1592 2143 1840 2217 fiuidae
1893 2154 2141 2240 partes
2194 2165 2235 2215 e
2289 2152 2491 2215 terra

401 2270 762 2357 cogantur
830 2261 1196 2334 exhalare.
1336 2259 1689 2354 Idemque
1760 2256 2129 2354 contingit
2197 2254 2489 2351 corpori

399 2373 767 2447 humano:
822 2373 1021 2470 quod
1080 2374 1369 2471 quoties
1435 2372 1661 2445 homo
1717 2372 1969 2461 sentit,
2033 2369 2351 2444 calidum
2409 2391 2487 2441 se

400 2510 560 2561 esse
612 2486 812 2560 dicit.
918 2488 1295 2574 Similiter,
1350 2485 1641 2585 quoties
1695 2497 1967 2559 terram
2021 2482 2220 2556 videt
2274 2505 2485 2580 aquae

399 2611 760 2698 terraeque
827 2602 1225 2698 particulas
1293 2602 1629 2675 emittere
1705 2599 1957 2673 aestivo
2020 2610 2350 2694 tempore
2410 2596 2488 2668 in

402 2713 717 2808 plantas,
753 2737 799 2786 a
832 2712 1075 2786 calore
1109 2713 1281 2786 solis
1314 2713 1394 2786 id
1425 2713 1589 2786 fieri
1617 2711 1930 2810 judicat.

507 2825 609 2900 A.
660 2825 1285 2899 Verisimillimum
1346 2837 1481 2900 est.
1585 2825 1749 2899 Nec
1806 2824 2047 2897 minus
2093 2821 2487 2897 verisimile

408 2947 546 3027 est,
583 2937 846 3011 eodem
879 2936 1097 3012 modo
1134 2961 1175 3010 e
1208 2938 1418 3029 mari,
1453 2937 1904 3026 fluminibus,
1928 2948 2005 3010 et
2038 2935 2218 3010 locis
2243 2936 2490 3033 palus-

405 3051 663 3141 tribuS,
698 3051 1014 3124 maxime
1049 3074 1226 3124 vero
1259 3051 1351 3124 ab
1387 3074 1691 3140 oceano,
1726 3050 2019 3124 evocari
2065 3073 2277 3145 aquae
2322 3072 2493 3145 par-

404 3165 668 3239 ticulas
701 3165 780 3238 in
815 3164 1073 3238 nubes.

509 3277 1025 3354 Calefactionis
1060 3287 1310 3350 autern
1346 3276 1599 3351 multae
1626 3277 1792 3351 aliae
1826 3299 2066 3352 causae
2099 3285 2273 3349 sunt
2305 3299 2493 3372 prae-

407 3401 524 3466 ter
557 3392 927 3467 actionem
962 3390 1135 3464 solis
1169 3399 1301 3463 aut
1336 3389 1551 3484 ignis,
1656 3390 1823 3463 Duo
1860 3390 2065 3485 ligna
2107 3389 2301 3463 inter
2343 3400 2496 3463 tor·

406 3504 735 3579 nandum
770 3504 1066 3578 affrictu
1100 3515 1356 3576 mutuo
1393 3502 1792 3599 saepissime
1820 3503 2343 3577 incenduntur.

511 3617 611 3693 B.
665 3618 1062 3691 Manifesta
1095 3617 1217 3691 hic
1253 3628 1366 3690 est
1399 3639 1652 3690 rursus
1695 3616 2046 3691 laceratio
2073 3618 2288 3708 aeris,
2324 3627 2499 3691 nata

409 3752 457 3802 a
488 3731 807 3803 motibus
843 3730 1158 3804 duorum
1190 3730 1561 3826 lignorum
1599 3731 2026 3804 contrariis:
2080 3742 2298 3828 atque
2323 3730 2498 3803 inde

410 3843 821 3917 necessario
858 3844 1187 3940 sequitur
1233 3843 1553 3940 egressio
1600 3844 1926 3940 corporis
1973 3844 2175 3942 quod
2228 3844 2305 3916 in
2358 3843 2502 3916 illis

413 3968 530 4029 est
575 3956 796 4047 aerei,
831 3967 931 4046 et,
961 3967 1170 4030 motu
1203 3956 1327 4030 illo
1363 3956 1819 4049 continuato,
1850 3957 2232 4032 dissolutio
2276 3956 2501 4053 parti-

414 4069 747 4144 cularum
783 4069 1184 4143 solidarum
1220 4070 1297 4143 in
1324 4070 1629 4145 cineres,

517 4182 618 4258 A.
674 4181 892 4256 Unde
926 4183 1015 4256 fit
1049 4182 1252 4281 quod
1284 4183 1506 4257 homo
1541 4184 1769 4257 etiam
1801 4182 1898 4256 ad
1933 4181 2276 4255 sudorem
2313 4178 2505 4253 cale-

417 4298 504 4372 fit
538 4299 630 4372 ab
661 4298 864 4371 omni
897 4296 1052 4370 fere
1086 4297 1337 4371 labore
1374 4298 1700 4394 corporis
1734 4295 2078 4371 insolito?

517 4413 617 4487 B.
673 4410 1045 4486 Quoniam
1117 4411 1446 4508 corporis
1500 4410 1804 4484 humani
1863 4409 2182 4504 liquores
2237 4404 2506 4479 interni

2563 693 2700 735 OAP.
2730 692 2813 732 lv.

2547 760 2834 798 κ-Ὑ-κ

2576 822 2645 866 De
2664 821 2808 865 calore

2576 893 2621 931 et
2636 888 2751 931 luce.
2806 944 2815 949 -
