3094 5125
312 676 448 719 cAP.
479 679 543 721 Π.

278 744 566 779 s--q-—ae

293 802 362 846 De
384 806 564 880 festibus

289 881 485 914 mannis.

656 470 800 537 316
1184 488 1763 542 Διἰιοιηαςιιαᾼίκιι
1800 487 2184 542 PmrsloA.

654 648 828 723 dare
854 651 1420 750 respondentem
1455 655 1691 728 motui
1719 654 1981 729 diurno
2014 655 2243 752 ipsius
2270 665 2488 728 terrae
2515 679 2738 753 super

651 775 988 837 centrum
1021 768 1397 863 proprium
1435 768 1512 840 in
1546 768 1769 865 plano
1806 769 2187 865 eclipticae.

753 876 852 950 B.
908 878 1113 954 Idem
1147 879 1441 954 videtur
1479 882 1703 955 etiam
1739 881 1937 955 mihi.
2046 881 2247 958 Quid
2293 882 2488 955 enim
2544 883 2738 955 veri-

650 989 956 1065 similius
990 1016 1146 1066 esse
1192 1007 1460 1090 potest,
1507 1020 1728 1092 quam
1778 1008 1863 1069 ut
1917 1020 2139 1070 causa
2198 1008 2440 1069 motus
2487 995 2735 1069 diurni

647 1113 865 1178 terrae
899 1106 995 1179 sit
1027 1119 1268 1182 motus
1303 1108 1564 1204 aliquis
1599 1110 1677 1181 in
1713 1108 1912 1182 sole?
2015 1110 2110 1181 Et
2145 1109 2287 1183 nisi
2318 1109 2736 1184 volveretur

646 1215 822 1290 luna
868 1242 1084 1315 super
1130 1233 1461 1294 centrum
1514 1222 1915 1318 proprium,
1961 1221 2226 1295 faciem
2266 1224 2421 1318 ejus
2454 1223 2732 1318 aspice-

646 1352 888 1404 remus
939 1332 1160 1406 modo
1207 1358 1454 1423 unam,
1519 1334 1742 1407 modo
1800 1333 2152 1408 alteram:
2206 1359 2424 1430 quam
2481 1348 2731 1409 tamen

649 1443 1003 1534 videmus,
1041 1471 1263 1520 unam
1298 1471 1586 1544 semper
1620 1460 1696 1521 et
1732 1448 2064 1523 eandem.

745 1557 840 1632 A.
896 1560 1156 1634 Restat
1190 1586 1419 1634 unum
1454 1561 1651 1634 circa
1685 1571 1905 1634 aestus
1955 1562 2275 1634 marinos
2308 1562 2731 1656 phaenome-

644 1695 794 1745 non
850 1676 1176 1748 omnium
1230 1675 1896 1749 mirabilissimum:
1964 1698 2251 1771 nempe,
2301 1675 2562 1771 ingens
2608 1674 2731 1747 ille

643 1786 882 1860 fluxus
915 1789 1041 1883 qui
1074 1788 1378 1883 singulis
1412 1788 1802 1862 noviluniis
1836 1801 1911 1861 et
1949 1788 2366 1884 pleniluniis
2402 1788 2730 1861 cernitur

644 1899 722 1971 in
780 1900 1082 1973 flumine
1148 1902 1499 1991 Sabrinae,
1565 1914 1639 1975 et
1698 1901 1886 1974 alter
1952 1902 2030 1973 in
2090 1900 2459 1973 contraria
2518 1913 2729 1996 parte

644 2013 928 2110 Angliae
964 2014 1039 2087 in
1076 2014 1294 2088 litore
1340 2016 1499 2111 agri
1549 2013 2107 2087 LincolniensiS.
2213 2013 2456 2088 Quam
2509 2027 2727 2109 putas

641 2128 857 2223 hujus
892 2128 1357 2223 pbaenomeni
1392 2151 1550 2200 esse
1587 2151 1882 2200 causam
1912 2126 1937 2199 ἕ

741 2240 834 2313 Β.
890 2241 1128 2314 Causa
1184 2252 1496 2314 aestuum
1558 2252 1981 2313 nostrorum
2039 2240 2471 2327 communiS,
2536 2239 2727 2312 sicut

640 2367 813 2427 ante
849 2354 1024 2443 dixi,
1054 2368 1166 2426 est
1194 2354 1463 2450 partim
1493 2377 1684 2449 aqua
1717 2353 1865 2441 illa,
1889 2377 2055 2450 quae
2088 2351 2324 2425 fertur
2359 2375 2491 2448 per
2524 2376 2725 2426 mare

642 2466 1092 2540 Atlanticum
1130 2490 1383 2539 versus
1423 2467 2016 2562 Septentriones:
2068 2466 2338 2562 partim
2375 2465 2498 2538 illa
2534 2489 2722 2562 quae,

642 2582 954 2653 influens
983 2582 1059 2652 in
1085 2580 1357 2653 fretum
1380 2580 1622 2653 Anian
1655 2591 1728 2653 et
1761 2592 2044 2676 partem
2069 2580 2264 2652 Asiae
2300 2590 2374 2653 et
2407 2580 2723 2675 Europae

648 2693 1030 2766 Borealem
1083 2694 1627 2781 circumfluenS,
1664 2694 1902 2767 tendit
1956 2716 2205 2766 rursus
2251 2693 2328 2765 in
2365 2694 2722 2768 Austrum

640 2831 773 2904 per
805 2829 1009 2879 mare
1051 2806 1566 2880 Germanicum
1608 2819 1681 2880 et
1720 2807 2230 2894 Hibernicum‚
2283 2818 2359 2879 et
2402 2806 2581 2880 facit
2639 2821 2723 2882 ut

640 2944 835 3017 aqua
867 2920 1089 2994 maris
1124 2920 1198 2992 in
1235 2919 1376 2993 illis
1412 2920 1593 2993 locis
1630 2920 1979 2994 altissime
2015 2943 2091 2992 se
2128 2919 2382 2992 elevet.
2471 2924 2721 3019 Atque

639 3033 813 3107 hinc
847 3033 1256 3108 necessario
1290 3034 1584 3123 accidit,
1620 3048 1704 3106 ut
1759 3035 1835 3107 in
1873 3034 2077 3107 ostiis
2116 3033 2525 3124 fluminum,
2557 3059 2721 3130 quae

639 3159 716 3219 et
782 3147 1025 3243 ampla
1090 3159 1262 3220 sunt
1331 3161 1407 3219 et
1467 3147 1745 3220 directe
1807 3147 2290 3221 obvertuntur
2350 3146 2529 3219 locis
2592 3148 2722 3220 ubi

638 3284 848 3355 aquae
869 3261 962 3333 ab
982 3261 1125 3334 hoc
1152 3274 1512 3333 concursu
1540 3271 1852 3334 aestuum
1874 3260 2452 3349 accumulantur,
2479 3260 2721 3335 fluxus

638 3374 914 3467 maj0re
952 3396 1167 3469 quam
1216 3373 1392 3447 alias
1443 3375 1726 3471 impetu
1776 3375 1931 3447 fiat.
2037 3372 2256 3445 Sinus
2316 3385 2565 3447 autem
2624 3374 2720 3447 ad

638 3485 905 3557 ostium
966 3486 1294 3558 Sabrinae
1329 3488 1512 3560 mari
1551 3487 1951 3573 Atlantico,
1988 3498 2065 3558 et
2123 3485 2323 3557 sinus
2363 3485 2484 3558 ille
2532 3486 2719 3560 alter

635 3598 711 3670 in
748 3621 924 3693 agro
962 3598 1476 3690 Lincolniensi,
1521 3602 1706 3673 mari
1754 3597 2188 3673 Germanico
2236 3599 2716 3674 directissime

635 3712 1143 3799 obvertuntur,
1206 3712 1424 3784 ambo
1485 3713 1734 3807 magni
1783 3711 2204 3785 existentes,
2307 3711 2467 3808 Ego
2524 3712 2717 3785 tanti

634 3835 854 3899 aestus
889 3824 1014 3920 qui
1047 3823 1260 3897 aliter
1291 3825 1451 3897 fieri
1485 3838 1820 3921 possunt,
1865 3848 2012 3898 non
2050 3824 2404 3920 intelligo.
2514 3825 2717 3900 Quas

634 3950 881 4012 autem
934 3938 1237 4010 causas*
1293 3937 1557 4010 harum
1626 3963 1869 4012 rerum
1930 3938 2346 4035 philosophi
2407 3938 2715 4035 Collegii

635 4050 1182 4124 Greshamensis
1204 4052 1506 4123 causas*
1544 4050 1867 4125 reddunt
1900 4052 2101 4126 hisce
2123 4052 2651 4148 probabiliores
2675 4053 2701 4125 Ρ

735 4163 832 4235 Α.
887 4164 997 4237 De
1034 4165 1267 4238 causis
1302 4163 1542 4237 adhuc
1581 4166 1880 4238 omnino
1917 4166 2157 4239 silent.
2265 4165 2454 4238 Illud
2502 4177 2712 4239 tuum

1272 4387 1307 4424 ⁴¹*
1355 4386 1452 4448 Sic
1479 4388 1617 4448 edit.
1656 4390 1806 4448 1662
1835 4397 1895 4448 et
1929 4391 2098 4448 1668.
