3094 5125
768 514 1401 568 marannis-rma}
1441 515 1930 569 nomn-mm.
2266 502 2401 568 119

408 679 521 754 A.
577 681 953 756 Quamdiu
979 694 1115 773 est,
1151 683 1350 779 quod
1378 695 1670 780 tempus
1703 683 1799 756 sit
1843 683 1923 757 in
1956 683 2082 757 illo
2135 683 2401 779 praedi-
2475 711 2772 752 munaus

299 806 682 883 camento‚
719 806 797 867 et
830 820 878 868 a
912 820 1058 890 quo
1094 797 1197 869 ibi
1232 795 1728 870 collocatum?
2585 792 2673 832 ¹¹¹·
2754 862 2765 877 ,

401 907 515 980 Β.
570 908 902 980 Positum
938 909 1041 980 ibi
1075 921 1189 981 est
1221 910 1316 981 ab
1349 910 1774 983 Aristotele.

404 1020 511 1095 A.
570 1022 649 1094 Si
701 1045 852 1094 non
887 1022 1272 1118 posuisset,
1318 1047 1470 1097 non
1504 1024 1609 1097 ibi
1644 1034 1857 1098 esset.
1966 1021 2170 1096 Nihil
2225 1047 2400 1120 ergo

302 1134 499 1228 agiS,
534 1133 680 1207 nisi
713 1134 1059 1208 ostendas
1094 1159 1320 1232 quare
1355 1137 1461 1209 sic
1497 1136 1939 1210 collocatum
1973 1159 2132 1208 esse
2185 1161 2402 1233 opor-

302 1248 486 1321 tuit.
609 1246 925 1321 Tantum
991 1249 1284 1345 quidem
1351 1251 1621 1324 dicitur
1689 1274 1848 1324 esse
1916 1261 2068 1323 tam
2135 1274 2402 1348 empus

304 1361 673 1435 naturale
707 1386 927 1457 quam
963 1372 1247 1461 tempus
1261 1391 1289 1447 ,·
1329 1376 1677 1437 neutrum
1702 1375 1948 1439 autem
1987 1363 2132 1437 dici
2156 1376 2405 1459 potest

309 1474 690 1548 abstracte
727 1476 1128 1572 quantitas.
1231 1477 1488 1551 Omnis
1524 1478 1721 1551 enim
1756 1478 2149 1574 quantitaS,
2180 1477 2242 1550 si
2287 1502 2403 1550 ac-

310 1600 575 1660 curate
608 1587 1058 1683 loquendum
1093 1600 1225 1678 est,
1247 1601 1379 1663 aut
1412 1589 1799 1689 longitudo
1820 1603 1957 1676 est,
1984 1602 2112 1664 aut
2142 1614 2402 1688 super-

288 1701 548 1793 ficies,
601 1712 735 1774 aut
786 1701 1127 1791 solidum,
1186 1704 1336 1777 sive
1393 1717 1482 1775 ut
1529 1703 1826 1799 quidam
1885 1704 2088 1801 loqui
2142 1704 2401 1791 solent,

317 1837 588 1910 corpus
625 1814 1246 1888 mathematicum.
1360 1816 1677 1913 Tempus
1710 1828 1979 1900 autem,
2017 1828 2093 1889 et
2143 1826 2400 1905 motus,

320 1938 399 1999 et
428 1927 567 2015 vis,
596 1939 1030 2024 caeteraeque
1066 1951 1182 2001 res
1218 1929 1309 2001 de
1345 1929 1609 2025 quibus
1645 1930 1871 2024 quaeri
1898 1941 2144 2025 potest
2170 1952 2401 2024 quan-

322 2051 421 2112 tae
477 2050 678 2130 sunt,
709 2042 1160 2137 quantitates
1217 2043 1520 2132 habent,
1557 2043 1821 2139 quibus
1878 2054 2174 2138 quantae
2229 2055 2402 2114 sunt

325 2153 880 2245 determinatur,
929 2156 1209 2252 aliquas
1245 2156 1361 2230 vel
1419 2157 1738 2253 aliquam
1801 2181 1890 2230 ex
1944 2155 2087 2229 illis
2141 2155 2399 2245 tribuS,

322 2267 669 2340 nimirum
706 2268 865 2341 illas
891 2268 1087 2363 ipsas
1122 2269 1389 2365 quibus
1424 2282 1965 2343 mensurantur.
2026 2269 2405 2365 Temporis

317 2383 472 2478 jam
505 2405 853 2455 mensura
886 2408 1222 2478 quaenam
1257 2383 1408 2458 est?

423 2496 523 2570 B.
578 2497 856 2570 Motus.

422 2609 523 2715 A.
579 2609 768 2682 Scio.
825 2609 1012 2683 Sed
992 2610 1219 2707 ipsius
1242 2624 1483 2685 motus
1510 2634 1846 2707 quaenam
1871 2624 1985 2686 est
2010 2613 2402 2686 mensura?

424 2698 524 2796 Β.
576 2723 825 2795 Linea.
930 2723 1123 2796 Nam
1156 2747 1291 2820 per
1324 2723 1553 2798 lineas
1588 2725 1930 2798 metimur
1963 2737 2226 2814 motus,
2262 2727 2404 2798 sal-

326 2846 478 2909 tem
514 2836 756 2908 metiri
789 2859 1205 2932 possumuS,
1242 2849 1321 2909 et
1353 2861 1487 2933 per
1520 2850 1806 2911 motum
1846 2851 2154 2935 tempus

424 2949 528 3022 A.
583 2948 840 3021 Recte.
941 2949 1037 3022 Et
1072 2948 1271 3046 quod
1304 2973 1722 3023 mensuram
1756 2951 2084 3037 metitur,
2106 2950 2408 3025 metitur

330 3064 552 3136 etiam
584 3072 1111 3136 mensuratum.
1213 3063 1350 3136 Est
1383 3086 1561 3160 ergo
1596 3064 1790 3138 linea
1846 3088 2190 3138 mensura
2220 3075 2405 3138 tem-

328 3178 575 3272 poris:
628 3187 877 3271 potest
935 3188 1185 3249 autem
1234 3178 1584 3273 temporis
1619 3201 1961 3251 mensura
1995 3177 2405 3273 comparari

334 3315 499 3363 cum
531 3290 751 3375 linea,
784 3290 930 3363 hoc
965 3301 1103 3379 est,
1139 3289 1336 3363 linea
1370 3315 1537 3363 cum
1571 3291 1787 3364 linea.

429 3401 525 3476 Β.
581 3403 765 3492 Im0,
810 3426 1107 3476 necesse
1144 3414 1258 3476 est
1289 3414 1375 3476 ut
1410 3414 1898 3501 comparetur,
1935 3404 2107 3500 quia
2138 3403 2411 3501 alioqui

333 3539 480 3589 non
510 3527 705 3589 esset
724 3539 1089 3590 mensura.
1125 3516 1357 3589 Video
1373 3518 1552 3612 jam,
1576 3540 1994 3613 quanquam
2015 3516 2411 3590 absurdum

334 3630 431 3700 sit
460 3629 733 3701 lineam
770 3628 1014 3701 dicere
1047 3629 1363 3724 tempori
1396 3630 1751 3724 aequalem
1787 3653 1965 3719 esse,
1993 3654 2141 3702 non
2161 3640 2409 3704 tamen
2528 3664 2533 3673 ·

335 3741 647 3814 absurde
683 3740 829 3815 dici
857 3741 1345 3837 quantitatem
1378 3742 1592 3816 lineae
1626 3743 1978 3839 aequalem
2008 3767 2165 3816 esse
2223 3755 2408 3818 tem-

334 3855 532 3951 poris
568 3854 989 3950 quantitati.
1091 3855 1477 3928 Assentior
1504 3879 1682 3952 ergo
1720 3856 1879 3945 tibi,
1916 3857 2144 3953 quaeri
2196 3882 2409 3954 posse

334 3968 696 4041 rationem
721 3967 1152 4063 quantitatis
1179 3968 1529 4063 temporis
1552 3968 1648 4042 ad
1668 3970 2154 4065 quantitatem
2174 3970 2408 4059 lineae,

335 4080 471 4153 etsi
505 4104 657 4153 non
684 4079 781 4153 ad
814 4080 1052 4176 ipsum
1088 4090 1402 4176 tempuS,
1437 4094 1522 4155 ut
1554 4105 1794 4177 neque
1847 4083 2064 4155 ullius
2121 4083 2411 4177 quanti-

335 4194 506 4266 tatis
561 4192 657 4266 ad
717 4216 984 4288 corpus
1045 4194 1400 4266 naturale.
1505 4194 1738 4268 Pudet
1798 4219 1973 4292 ergo
2035 4195 2199 4283 mei,
2253 4207 2412 4267 tum

336 4307 556 4380 etiam
576 4305 915 4394 Wallisii,
929 4307 1048 4378 cui
1072 4307 1150 4379 in
1174 4307 1315 4380 hac
1338 4330 1420 4380 re
1441 4319 1515 4381 et
1535 4308 1902 4381 nonnullis
1928 4307 2088 4381 aliis
2105 4305 2413 4380 nimium

337 4433 609 4495 temere
682 4418 1142 4493 crediderim.
1248 4420 1396 4493 Sed
1457 4445 1605 4494 non
1656 4421 1834 4493 satis
1892 4417 2220 4512 intelligo
2281 4443 2414 4493 cur
