3094 5125
1058 505 1165 556 nn
1205 506 1550 559 NATURA
1585 503 1861 557 Anius.
2357 488 2498 553 245

425 693 589 743 nem
647 693 793 742 non
858 669 1066 764 capio
1115 666 1309 744 inter
1361 669 1591 744 fluida
1643 681 1719 743 et
1774 693 1923 743 non
1972 668 2223 758 fluida,
2281 692 2502 764 quam

424 784 703 856 sumitis
739 808 783 856 a
817 784 1322 879 magnitudine
1371 784 1735 880 partium3
1791 806 1963 855 nam
2018 781 2078 854 si
2138 805 2500 877 caperem,

424 896 633 969 ruina
665 897 812 983 illa,
850 898 999 969 sive
1035 897 1303 970 rudera
1344 898 1490 987 illa,
1517 880 1708 991 ’quae
1751 897 2000 991 jacent
2059 895 2136 967 in
2195 895 2504 967 ecclesia

424 1010 744 1099 Paulina,
783 1011 961 1082 mihi
998 1010 1310 1084 dicenda
1357 1021 1603 1084 essent
1635 1009 1881 1082 fluida.
2009 1009 2139 1081 Sin
2198 1019 2504 1103 propter

422 1123 719 1195 nimiam
787 1123 1113 1219 lapidum
1188 1123 1772 1219 magnitudinem
1848 1120 2074 1194 fluida
2140 1120 2265 1193 illa
2348 1144 2502 1192 esse

424 1237 887 1330 negaveritiS,
924 1236 1146 1309 defini
1194 1238 1371 1310 mihi
1407 1235 1991 1333 magnitudinem
2027 1234 2249 1322 illam,
2283 1256 2502 1328 quam

422 1348 697 1421 habens
733 1373 901 1443 pars
937 1351 1216 1423 ruentis
1251 1351 1465 1437 muri,
1501 1361 1805 1445 propter
1839 1371 2002 1420 eam
2047 1349 2144 1420 sit
2190 1345 2503 1418 dicenda

422 1460 667 1535 fluida.
768 1463 882 1534 Tu
915 1486 1113 1551 vero,
1151 1464 1276 1558 qui
1323 1462 1896 1535 divisibilitatem
1938 1461 2299 1533 infinitam
2353 1483 2501 1531 non

424 1577 644 1670 capiS,
682 1575 800 1648 die
834 1576 1013 1649 mihi
1049 1601 1211 1671 quae
1247 1577 1383 1648 tibi
1417 1586 1723 1672 apparet
1768 1597 2009 1659 causa,
2063 1596 2288 1669 quare
2341 1572 2500 1644 Deo

424 1689 905 1784 omnipotenti
966 1690 1328 1762 difficilius
1390 1713 1544 1761 esse
1608 1699 1859 1784 putem
1927 1709 2176 1759 creare
2237 1709 2501 1781 eorpus

423 1801 753 1889 fluidum,
817 1815 892 1875 et
942 1805 1150 1895 cujus
1184 1813 1428 1898 partes
1477 1813 1651 1874 actu
1696 1800 2051 1889 diffluant,
2093 1800 2294 1872 omni
2329 1798 2503 1871 data

424 1927 670 1987 atomo
725 1916 988 2002 minus,
1027 1939 1244 2010 quam
1297 1938 1546 1987 creare
1583 1937 1958 1986 oceanum.
2064 1914 2322 2008 Itaque
2375 1911 2500 1983 de-

425 2051 714 2124 sperare
752 2052 867 2100 me
901 2028 1083 2100 sacis
1121 2051 1412 2100 omnem
1449 2038 1855 2099 conventus
1894 2026 2114 2098 vestri
2150 2026 2498 2113 fructum,

426 2141 735 2214 dicendo
804 2141 1001 2237 quod
1067 2151 1334 2237 putant
1391 2163 1661 2229 aerem,
1740 2163 2026 2235 aquam,
2087 2150 2161 2211 et
2229 2150 2500 2210 caetera

424 2255 649 2328 fluida
683 2267 1020 2328 constare
1054 2278 1142 2327 ex
1176 2279 1326 2327 non
1360 2253 1648 2326 fluidis:
1704 2264 2051 2349 tanquam
2088 2252 2148 2324 si
2182 2274 2499 2336 murum,

426 2370 631 2463 cujus
669 2380 963 2441 ruentes
997 2367 1274 2464 lapides
1310 2367 1789 2463 aliquousque
1829 2364 2265 2450 discurrent,
2304 2362 2501 2434 diee-

425 2492 592 2552 rent
627 2504 782 2553 esse
815 2479 1146 2553 fluidum.
1234 2480 1310 2552 Si
1346 2480 1451 2552 sic
1488 2478 1933 2575 loquendum
1968 2488 2100 2565 est,
2137 2476 2317 2548 nihil
2350 2499 2502 2547 non

426 2607 537 2666 est
571 2594 899 2667 fluidum.
988 2595 1176 2667 Nam
1214 2595 1436 2667 etiam
1474 2617 1795 2665 marmor
1828 2591 2224 2665 comminui
2257 2601 2505 2688 potest

427 2708 501 2779 in
534 2721 780 2803 partes
819 2708 1015 2780 omni
1053 2721 1300 2780 atomo
1335 2707 1795 2803 Epicureana
1829 2705 2169 2778 minores,

524 2820 617 2893 B.
674 2821 753 2893 Si
798 2821 931 2893 tibi
980 2821 1058 2893 id
1093 2843 1549 2908 concesser0‚
1588 2818 1768 2914 quid
1801 2817 2181 2913 sequitur?

526 2934 623 3006 A.
679 2934 1025 3030 Sequitur
1058 2935 1223 3022 hoc,
1275 2943 1358 3005 ut
1394 2957 1540 3005 non
1590 2956 1887 3005 neeesse
1924 2933 2017 3005 sit
2070 2932 2337 3016 locum,
2374 2931 2502 3025 qui

424 3069 470 3119 a
504 3058 794 3120 suctore
829 3048 1115 3119 revulso
1158 3047 1455 3119 relictus
1501 3057 1637 3133 est,
1674 3069 1833 3117 esse
1867 3068 2203 3117 vacuum.
2309 3043 2500 3115 Nam

425 3158 597 3233 dum
634 3172 881 3234 suctor
915 3161 1338 3244 retrahitur,
1377 3169 1653 3255 quanto
1701 3159 1997 3231 relictus
2031 3158 2234 3230 locus
2268 3158 2504 3251 major

422 3274 531 3359 fit,
568 3286 777 3346 tanto
831 3274 1070 3346 minus
1116 3273 1260 3345 loci
1307 3272 1745 3367 relinquitur
1791 3271 1944 3343 aeri
1992 3283 2319 3353 externo,
2373 3271 2502 3366 qui

422 3399 748 3460 retrusus
778 3411 823 3459 a
857 3399 1151 3459 suctore
1188 3397 1388 3457 moto
1423 3408 1678 3456 versus
1727 3395 2050 3469 externa,
2086 3383 2500 3478 proximum

423 3501 558 3572 sibi
593 3525 834 3573 aerem
865 3498 1201 3572 similiter
1236 3507 1500 3585 movet,
1530 3506 1604 3568 et
1638 3496 1759 3568 hic
1795 3496 2042 3583 alium,
2072 3508 2147 3568 et
2182 3496 2286 3568 sic
2323 3519 2498 3567 con-

422 3616 665 3686 tinue:
720 3613 827 3685 ita
860 3624 944 3683 ut
978 3634 1274 3683 necesse
1310 3611 1405 3682 sit
1438 3633 1680 3682 aerem
1717 3608 2014 3681 tandem
2050 3608 2386 3704 compelli
2424 3608 2498 3680 in

421 3726 663 3799 locum
691 3726 1062 3799 desertum
1099 3749 1144 3797 a
1180 3737 1497 3811 suctore,
1534 3735 1611 3796 et
1657 3723 1929 3795 intrare
1966 3723 2160 3796 inter
2193 3722 2494 3816 superfi-

423 3841 608 3913 ciem
695 3839 1007 3912 suctoris
1095 3862 1499 3912 convexam
1565 3848 1640 3910 et
1702 3836 2015 3932 cylindri
2075 3856 2491 3908 concavam.

423 3953 816 4050 Supposito
853 3954 1047 4025 enim
1100 3953 1288 4025 aeris
1328 3964 1577 4047 partes
1620 3973 1779 4022 esse
1824 3949 2110 4021 infinite
2171 3944 2496 4033 subtileS,

420 4065 863 4160 impossibile
916 4078 1027 4139 est
1071 4078 1157 4138 ut
1202 4066 1320 4137 via
1374 4065 1520 4152 illa,
1578 4087 1721 4158 qua
1775 4063 2174 4135 retrahitur
2224 4069 2498 4145 suctor,

422 4178 566 4250 illae
632 4202 779 4249 non
837 4202 913 4250 se
982 4180 1376 4251 insinuent.
1501 4177 1744 4250 Primo
1813 4176 2030 4262 enim,
2112 4181 2496 4246 contactus

421 4291 967 4387 superficierum
1003 4293 1306 4364 istarum
1339 4315 1473 4387 per
1510 4291 1755 4363 omnia
1807 4299 2081 4385 puncta
2126 4282 2497 4381 perfectus

424 4429 579 4478 esse
614 4428 761 4476 non
793 4415 1061 4499 potest,
1098 4405 1268 4499 quia
1301 4405 1479 4501 ipsae
1531 4401 1951 4498 superficies
2000 4399 2158 4471 fieri
2215 4395 2500 4469 infinite
