3094 5125
1051 514 1726 568 GEOMETRARUM.
2287 500 2432 565 425

348 683 707 757 rationem
764 683 1081 773 unicam,
1140 696 1217 758 et
1277 685 1639 758 rationem
1678 694 1722 759 5
1759 682 1856 756 ad
1911 691 1938 755 l
1998 706 2155 756 esse
2214 683 2439 756 etiam
2505 708 2641 751 cn.
2675 704 2808 749 xm.

347 798 643 870 unicam
681 808 759 869 et
792 797 930 892 ipsi
965 798 1323 893 aequalem
1354 829 1373 882 3
1412 810 1488 871 et
1515 798 1880 871 rationem
1909 805 2003 869 25
2036 796 2132 869 ad
2178 804 2204 869 l
2245 819 2441 869 com·
2498 777 2807 883 m

350 910 528 1007 poni
587 934 677 983 ex
735 909 876 982 illis
934 910 1337 984 rationibus
1392 910 1677 984 duabus
1713 910 2133 1006 aequalibus.
2241 908 2446 985 Quid
2498 903 2685 950 ⁰⁸¹⁰&

355 1022 556 1097 aliud
592 1046 769 1118 ergo
804 1035 1030 1118 negat
1065 1024 1381 1112 ClaviuS,
1420 1024 1560 1096 nisi
1610 1025 1974 1098 rationem
2025 1046 2115 1096 ex
2164 1023 2447 1096 duabus

353 1136 763 1211 rationibus
798 1138 1203 1233 aequalibus
1238 1138 1718 1233 compositam
1747 1137 2200 1211 constituere
2229 1137 2449 1209 unius

356 1275 608 1324 earum
680 1250 1026 1345 duplam?
1131 1250 1282 1324 Cur
1349 1264 1596 1324 autem
1666 1251 1807 1324 hoe
1872 1249 2148 1345 negat?
2254 1249 2452 1324 Quia

357 1388 706 1438 numerus
743 1374 838 1437 25
877 1364 1166 1436 numeri
1203 1374 1244 1437 5
1276 1377 1388 1438 est
1418 1364 1847 1460 quintuplus
1878 1391 1896 1434 ε
1953 1363 2234 1436 scilicet
2268 1363 2453 1436 obli-

356 1490 476 1553 tus
512 1477 968 1574 quaestioniS,
1007 1501 1171 1573 quae
1205 1501 1357 1551 non
1400 1476 1813 1551 instituitur
1864 1475 1957 1549 de
1992 1500 2298 1549 numero
2334 1475 2453 1549 vel

358 1589 868 1688 magnitudine
902 1590 1148 1686 aliqua
1183 1591 1542 1678 absoluta,
1581 1615 1746 1686 quae
1781 1590 1877 1664 sit
1912 1590 2212 1663 alterius
2239 1590 2454 1686 quin-

359 1706 589 1802 tupla,
626 1704 758 1777 sed
795 1704 887 1776 de
922 1704 1207 1777 ratione
1243 1729 1408 1801 quae
1443 1717 1557 1778 est
1592 1703 2023 1800 magnitudo
2071 1727 2455 1799 eompara-

360 1820 558 1902 tiva3
613 1817 861 1913 itaque
895 1816 1259 1892 rationem
1295 1818 1588 1891 unicam
1624 1828 1720 1893 25
1771 1817 1868 1890 ad
1906 1827 1948 1890 5
1998 1816 2455 1913 computavit

363 1955 499 2028 pro
536 1930 860 2026 quinque
895 1930 1328 2004 rationibus,
1408 1930 1646 2004 Natus
1682 1941 1797 2003 est
1833 1952 2040 2003 error
2080 1929 2337 2019 Clavii,
2361 1953 2460 2003 ex

365 2069 453 2118 eo
488 2043 684 2141 quod
718 2042 939 2137 vulgo
973 2042 1173 2138 apud
1209 2040 1768 2117 mathematicos
1818 2044 2223 2116 vocabatur
2263 2043 2454 2116 ratio

360 2156 736 2254 quintupli
772 2156 868 2229 ad
902 2156 1244 2251 simplum
1296 2156 1682 2252 quintupla
1728 2157 1941 2246 ratic,
1985 2168 2062 2229 et
2096 2156 2284 2230 ratio
2321 2155 2457 2228 du-

367 2271 470 2367 pli
543 2270 638 2344 ad
708 2268 1051 2365 simplum
1116 2268 1232 2363 (ut
1289 2269 1523 2343 Elem.
1583 2269 1681 2343 ix.
1743 2269 1959 2366 Prop.
2028 2269 2196 2364 ult.)
2261 2270 2455 2345 ratio

368 2384 614 2481 dupla,
668 2382 1004 2479 imperite
1066 2393 1141 2455 et
1190 2382 1406 2456 falso:
1461 2407 1635 2456 nam
1695 2384 1885 2458 ratio
1937 2393 1984 2459 2
2043 2382 2141 2455 ad
2209 2391 2234 2456 1
2305 2407 2457 2457 non

370 2512 484 2573 est
567 2498 757 2571 ratio
845 2497 1092 2593 dupla,
1169 2497 1301 2571 sed
1373 2497 1660 2595 simpla,
1735 2520 1999 2594 nempe
2069 2496 2275 2593 dupli
2365 2496 2466 2571 ad

372 2613 737 2709 simplum.
842 2612 1102 2708 Neque
1138 2611 1532 2709 quiequam
1567 2613 1765 2686 valet
1800 2611 2000 2708 quod
2033 2610 2463 2685 illustratio-

371 2727 486 2798 nis
523 2748 743 2797 eausa
794 2724 1195 2820 subjungit,
1249 2725 1867 2822 quemadmodum
1901 2725 2123 2798 etiam
2157 2748 2464 2822 propor-

373 2838 478 2910 tio
516 2838 813 2933 ootupla
847 2837 1072 2932 dupla
1104 2849 1217 2910 est
1249 2838 1744 2935 proportionis
1780 2838 2252 2934 quadruplae:
2292 2862 2464 2911 oum

376 2962 626 3023 tamen
686 2949 1115 3047 quadruplae
1170 2949 1541 3046 duplicata
1596 2952 1693 3024 sit
1748 2950 2160 3048 sedeoupla,
2204 2963 2288 3025 ut
2340 2950 2465 3026 hic

376 3075 582 3160 patet
627 3071 1039 3137 16—4—1.
1144 3062 1461 3136 Difficile
1516 3074 1881 3158 conceptu
1938 3076 2052 3137 est
2091 3065 2464 3160 quomodo

378 3178 680 3275 octupla
712 3177 1093 3274 proportio
1123 3177 1356 3272 magis
1391 3177 1488 3250 sit
1515 3174 1943 3272 quadruplae
1969 3177 2214 3273 dupla,
2242 3201 2467 3275 quam

375 3290 825 3387 octuplioata
849 3290 945 3363 sit
966 3288 1542 3386 quadruplicatae
1566 3287 1960 3384 duplicata.
2016 3290 2193 3363 Esto
2216 3304 2467 3366 autem

378 3405 677 3500 octupla
710 3403 1094 3500 proportio
1130 3401 1565 3497 quadruplae
1609 3401 1856 3499 dupla.
1963 3403 2165 3477 Quid
2225 3405 2466 3501 sequi·

379 3517 556 3591 tur?
661 3517 954 3605 Nonne,
999 3515 1622 3613 quemadmodum
1683 3515 1761 3588 in
1815 3515 1929 3589 his
1988 3518 2314 3591 numeris
2377 3527 2465 3592 16

379 3633 704 3705 unitates
752 3631 997 3727 duplae
1050 3641 1225 3704 sunt
1280 3642 1447 3704 octo
1503 3630 1917 3716 unitatum;
1969 3631 2078 3704 ita
2129 3631 2470 3706 sedecem

381 3745 707 3819 rationes
776 3744 1037 3841 duplas
1100 3766 1258 3818 esse
1320 3756 1488 3818 octo
1543 3744 1962 3818 rationum:
2035 3756 2111 3819 et
2159 3744 2469 3842 proinde

385 3859 608 3933 etiam
663 3858 847 3931 duas
895 3858 1240 3947 rationeS,
1286 3866 1371 3932 16
1422 3856 1519 3931 ad
1567 3866 1640 3946 4,
1677 3869 1756 3931 et
1806 3867 1851 3931 4
1897 3856 1997 3931 ad
2055 3867 2117 3944 1,
2170 3856 2470 3954 duplam

385 3996 544 4046 esse
578 3971 886 4045 rationis
927 3979 1015 4045 16
1051 3971 1147 4045 ad
1178 3981 1253 4061 4,
1289 3970 1407 4044 vel
1439 3976 1487 4044 4
1535 3969 1636 4044 ad
1679 3981 1707 4044 1
1740 4001 1762 4056 ς
1815 3970 1896 4045 id
1928 3969 2124 4068 quod
2177 3970 2471 4045 Clavius

387 4086 971 4159 demonstratum
1007 4083 1290 4157 nollet?

488 4202 890 4289 Postremo,
927 4201 1281 4296 objiciens
1317 4199 1605 4297 quaerit,
1642 4199 1716 4273 in
1755 4200 1989 4274 tribus
2024 4195 2476 4296 magnitudi-

375 4315 606 4389 -nibus
641 4311 1065 4410 aequalibuS,
1099 4305 1231 4386 vel'
1269 4314 1348 4387 in
1383 4313 1618 4387 tribus
1671 4312 2070 4411 aequalibus
2123 4313 2476 4404 numeris,

391 4441 473 4503 ut
536 4440 606 4504 4.
631 4437 703 4503 4.
733 4440 806 4519 4,
858 4438 1082 4525 atque
1135 4426 1322 4501 adeo
1378 4426 1726 4502 continue
1785 4423 2478 4523 proportionalibuS,
