3094 5125
1038 529 1718 584 GEOMETRARUM.
2274 512 2424 580 429

441 704 579 777 Per
614 702 1111 777 definitionem
1150 703 1485 801 quintam
1512 704 1745 778 Elem.
1774 728 1848 791 v,
1877 727 2041 799 quae
2074 703 2236 777 haee
2273 716 2427 776 est:
2515 719 2653 762 cn.
2677 717 2792 761 12·

337 815 728 889 Rationem
772 815 1040 889 habe-re
1082 816 1279 890 inter
1312 841 1396 889 se
1452 815 2006 914 magnitudine-s·
2054 816 2427 905 dicuntur,
2489 840 2824 892 mneonm‘

339 955 500 1027 quoe
537 938 862 1028 possunt
913 928 1420 1027 multiplicatae
1478 955 1646 1003 sese
1704 939 1948 1003 mutuo
2005 952 2379 1029 superare
2403 955 2430 1001 .·
2490 911 2677 958 ⁰⁸¹⁰¹²¹⁰·

339 1043 659 1139 explicat
692 1043 1061 1128 Euclides,
1092 1056 1180 1116 ut
1233 1055 1437 1117 recte
1490 1042 1674 1115 dicit
1724 1042 2043 1131 ClaviuS,
2081 1041 2430 1137 quidnam

338 1156 720 1251 requirant
755 1155 920 1229 duae
975 1156 1425 1252 quantitates
1475 1155 1802 1251 ejusdem
1865 1154 2164 1252 generis
2196 1166 2282 1227 ut
2315 1178 2434 1227 ra-

340 1270 617 1344 tionem
679 1269 1020 1342 dieantur
1076 1270 1375 1359 habere,
1432 1292 1722 1365 nempe,
1786 1269 1849 1342 si
1904 1293 2054 1343 non
2111 1269 2435 1343 habeant

338 1382 533 1455 hane
568 1380 1069 1456 conditionem
1116 1393 1199 1455 ut
1245 1382 1480 1456 altera
1535 1383 1770 1478 possit
1805 1383 2295 1478 multiplicata
2328 1382 2435 1457 al-

341 1503 580 1568 teram
614 1517 983 1591 superare,
1018 1518 1172 1568 non
1200 1518 1354 1568 esse
1382 1495 1546 1567 illas
1582 1518 1819 1592 neque
1846 1495 2176 1593 ejusdem
2208 1519 2436 1592 gene-

340 1608 468 1697 ris,
504 1631 744 1704 neque
778 1607 1050 1680 habere
1084 1606 1279 1681 inter
1314 1631 1392 1680 se
1427 1608 1814 1681 rationem.

444 1721 663 1796 Unde
690 1719 1158 1794 manifestum
1186 1732 1322 1809 est,
1345 1720 1607 1817 primu,
1635 1721 1926 1809 lineam,
1950 1720 2432 1817 superficiem,

345 1846 423 1908 et
456 1834 769 1908 solidum
804 1856 963 1906 esse
999 1833 1289 1907 diversa
1321 1856 1621 1928 genera,
1656 1834 1776 1907 vel
1825 1834 2075 1931 potius
2112 1833 2436 1907 diversas

346 1946 624 2044 species
657 1946 1113 2043 quantitatis
1192 1945 1418 2018 Nulla
1451 1947 1650 2019 enim
1683 1948 1945 2020 harum
1968 1948 2435 2043 quantumvis

346 2059 837 2156 multiplicata
870 2059 1177 2132 alteram
1212 2060 1612 2155 superabit.

448 2172 813 2261 Secunde,
850 2172 1164 2268 angulus
1217 2172 1510 2269 genitus
1564 2196 1655 2245 ex
1708 2183 1916 2246 motu
1961 2172 2323 2262 circulari,
2361 2185 2437 2247 et

347 2287 661 2384 angulus
719 2297 1129 2375 contactuS,
1192 2285 1499 2360 diversae
1564 2297 1736 2359 sunt
1795 2287 2078 2382 speeies
2140 2276 2446 2382 quanti-‘

349 2401 552 2474 tatis.
633 2399 969 2497 Angulus
1003 2401 1201 2475 enim
1236 2411 1621 2475 contactus
1658 2400 1860 2473 nulla
1893 2425 2220 2497 unquam
2256 2401 2439 2473 mul·

349 2514 812 2612 tiplieatione
866 2514 1242 2612 superabit
1300 2514 1651 2613 angulum
1707 2514 2043 2614 genitum
2092 2538 2184 2588 ex
2229 2525 2441 2589 motu

352 2627 716 2702 circulari.

452 2742 729 2831 Tertio,
765 2742 955 2815 ratio
989 2743 1290 2839 majoris
1342 2743 1439 2818 ad
1496 2743 1766 2830 minue,
1802 2755 1877 2816 et
1911 2742 2103 2816 ratio
2139 2739 2442 2815 minoris

354 2853 451 2927 ad
505 2856 765 2951 majus,
801 2866 974 2927 sunt
1010 2855 1314 2930 diversae
1351 2858 1629 2953 speeies
1685 2856 2143 2953 quantitatis,
2248 2855 2443 2927 Nam

354 2966 547 3041 ratio
607 2967 910 3040 minoris
968 2966 1064 3040 ad
1108 2968 1370 3062 majus,
1409 2980 1690 3064 quanto
1725 2967 1962 3063 magis
1999 2967 2439 3063 multiplica·

356 3092 502 3169 tur,
538 3093 751 3156 tanto
788 3102 1078 3177 semper
1111 3081 1353 3154 minor
1387 3092 1528 3155 est.

1210 3581 1422 3655 CAP.
1473 3582 1679 3656 XVI.

727 3755 993 3810 nTlAM
1034 3756 1142 3808 DE
1182 3755 1632 3810 RATIONUM
1675 3757 2077 3811 CALcULO.

363 3875 763 3965 cmvms,
799 3873 895 3948 ad
929 3897 1140 3970 prop.
1177 3884 1298 3963 23,
1335 3873 1569 3948 Elem.
1603 3875 1700 3964 vi,
1735 3875 1955 3948 aliam
2013 3875 2238 3949 habet
2289 3895 2444 3947 me·

358 3989 671 4064 thodum
726 3986 1216 4086 componendi
1269 3987 1612 4061 rationes.
1721 3988 1889 4062 Sint
1923 3986 2089 4062 duae
2123 3987 2447 4061 rationes

361 4111 408 4176 6
446 4102 544 4177 ad
568 4114 608 4176 4
654 4112 729 4175 et
762 4111 806 4175 2
843 4100 939 4174 ad
974 4107 1020 4174 8
1057 4101 1608 4198 componendae.
1708 4102 1873 4177 Fiat
1902 4113 1989 4176 ut
2020 4111 2067 4177 2
2103 4101 2198 4175 ad
2233 4110 2307 4190 8,
2340 4101 2450 4175 ita

361 4238 820 4312 consequens
867 4223 910 4287 4
955 4213 1051 4287 ad
1105 4215 1323 4288 aliam
1369 4224 1496 4290 16:
1549 4215 1831 4312 eritque
1892 4216 2081 4289 ratio
2134 4223 2181 4288 6
2217 4214 2313 4288 ad
2357 4223 2444 4288 16

363 4328 773 4425 composita
823 4351 915 4401 ex
949 4327 1354 4402 rationibus
1388 4335 1435 4400 6
1472 4328 1571 4403 ad
1594 4338 1639 4402 4
1676 4339 1751 4401 et
1784 4339 1830 4401 2
1867 4328 1964 4401 ad
2004 4334 2076 4401 8.
2179 4326 2447 4401 Positis

364 4441 563 4516 enim
620 4440 876 4515 ordine
938 4441 1051 4514 his
1108 4441 1433 4515 numeris
1491 4450 1565 4531 6,
1624 4451 1695 4532 4,
1761 4449 1877 4532 16,
1938 4441 2221 4539 priores
2278 4439 2446 4516 duae
