3094 5125
570 415 715 480 288
1206 427 1314 479 nn
1354 426 1696 480 NATURA
1733 427 2016 479 Annis·

667 594 765 668 A.
819 595 928 666 Ex
965 594 1121 691 ipsa
1153 595 1433 669 videbis
1471 594 1914 668 refutatione
1950 617 2114 688 quae
2151 592 2504 688 sequitur.

670 712 714 745 “
746 709 1050 781 Summa
1109 709 1474 782 dictorum
1532 709 1610 781 in
1669 706 2421 804 pseudodiplasiasmo
2485 705 2662 778 cubi

566 844 872 916 nuper0,
901 822 1225 895 rescissis
1262 846 1425 918 quae
1462 834 1623 895 tum
1659 822 1734 894 in
1772 821 2142 894 schemate
2176 832 2337 892 tum
2371 819 2447 892 in
2477 843 2653 892 con-

566 934 1088 1007 structionibus
1124 946 1298 1008 sunt
1332 936 1722 1030 superflua,
1758 934 1916 1006 haee
1951 945 2085 1006 est.

667 1051 710 1084 “
735 1047 1088 1143 Exposita
1110 1049 1176 1121 A
1194 1048 1257 1121 D
1280 1049 1531 1122 recta*
1557 1047 2029 1121 continuetur
2056 1045 2150 1119 ad
2171 1045 2260 1133 V,
2279 1055 2365 1118 ut
2398 1045 2496 1117 sit
2516 1043 2656 1116 DV

565 1159 847 1232 semissi
908 1172 1131 1234 rectae
1183 1162 1329 1234 AD
1391 1161 1716 1256 aequalis.
1822 1160 2096 1233 Centro
2150 1159 2241 1247 A,
2304 1157 2660 1232 distantia

565 1273 737 1361 AD,
775 1273 1138 1347 scribatur
1172 1275 1318 1347 DO
1356 1273 1613 1346 circuli
1650 1272 2043 1368 quadrans,
2067 1271 2386 1344 bisectus
2421 1270 2496 1343 in
2535 1271 2655 1354 Q;

566 1397 643 1459 et
700 1386 834 1460 QS
893 1399 1116 1459 rectae
1170 1388 1318 1460 AD
1371 1386 2020 1484 perpendicularis.
2128 1385 2420 1458 Bisecta
2477 1409 2654 1458 vero

567 1499 697 1572 SD
733 1499 812 1572 iu
845 1500 930 1587 Τ,
960 1511 1215 1573 centro
1243 1500 1328 1588 Τ,
1366 1500 1679 1573 ducatur
1712 1522 1847 1596 per
1882 1499 1947 1569 V
1983 1498 2299 1571 circulus
2325 1497 2652 1570 VXYZ.

468 1700 498 1726 ..
566 1610 702 1683 Cui
738 1625 1078 1686 occurrat
1105 1613 1283 1701 DX,
1313 1623 1538 1686 rectae
1565 1613 1632 1684 A
1652 1613 1718 1685 D
1755 1609 2407 1708 perpendiculariS,
2437 1610 2511 1682 in
2538 1611 2650 1683 X:

473 1730 480 1741 '
563 1724 708 1796 AD
746 1725 821 1797 in
855 1724 964 1796 Y:
1021 1740 1097 1798 et
1133 1726 1272 1800 QS
1310 1726 1385 1798 in
1423 1726 1502 1798 Z.

665 1838 1075 1911 “Affirmat
1121 1849 1362 1912 rectas
1396 1839 1566 1927 DY,
1614 1838 1794 1927 DX,
1843 1836 2119 1911 medias
2148 1860 2307 1910 esse
2342 1861 2652 1935 propor-

563 1949 874 2023 tionales
908 1951 1105 2025 inter
1138 1953 1285 2025 DA
1321 1963 1398 2025 et
1432 1951 1604 2027 DV.
1710 1952 1934 2026 Quod
1985 1951 2091 2025 sic
2141 1964 2455 2025 conatur
2519 1950 2651 2023 de-

563 2075 995 2138 monstrare.
2649 2118 2654 2122 ·

665 2182 712 2215 “
739 2178 1002 2251 Ductis
1052 2178 1274 2252 rectis
1330 2179 1507 2269 VX,
1543 2178 1720 2264 XY,
1757 2178 1898 2252 erit
1951 2177 2263 2275 angulus
2295 2177 2525 2250 VXY
2570 2178 2649 2251 in

561 2290 1020 2364 semicirculo
1082 2302 1372 2364 rectus:
1444 2291 1810 2387 ductaque
1857 2290 2006 2364 XT
2061 2302 2136 2364 et
2190 2290 2652 2377 continuata,¹

560 2415 863 2501 propter
897 2403 1252 2476 bisectam
1290 2404 1420 2477 SD
1466 2404 1543 2477 in
1574 2404 1660 2492 T,
1714 2415 2052 2477 occurret
2105 2403 2379 2478 circulo
2433 2403 2512 2476 in
2562 2403 2654 2475 Z.

565 2516 919 2613 Adeoque
957 2516 1183 2590 ducta
1213 2515 1370 2603 YZ,
1407 2516 1546 2590 erit
1587 2518 1899 2614 angulus
1934 2517 2154 2591 XYZ
2203 2517 2280 2591 in
2327 2517 2651 2591 semicir-

564 2631 731 2703 culo
769 2642 1015 2704 rectus
1046 2658 1063 2701 ε
1117 2630 1422 2727 ipsaque
1454 2630 1591 2702 YZ
1636 2643 1855 2704 rectae
1890 2631 2041 2704 XV
2075 2630 2446 2727 parallelo..

663 2742 1193 2816 “Producatur
1243 2743 1398 2815 XD
1445 2742 1540 2816 ad
1592 2744 1672 2832 P,
1730 2753 1816 2816 ut
1869 2743 1965 2817 sit
2020 2745 2160 2817 DP
2225 2754 2448 2817 rectae
2498 2743 2647 2817 AD

560 2854 885 2952 aequaliS.
940 2854 1019 2928 Si
1055 2854 1302 2951 itaque
1330 2855 1463 2928 YZ
1496 2855 1859 2952 producta
1883 2868 2104 2931 rectae
2142 2858 2274 2930 ΡΙ)
2304 2870 2649 2931 occurrat

559 2967 635 3039 in
670 2980 949 3063 puncto
987 2967 1065 3055 P,
1093 2978 1310 3040 erunt
1343 2969 1678 3064 (propter
1712 2968 1978 3040 similia
2013 2969 2382 3064 triangula
2410 2970 2644 3060 PDY,

558 3081 812 3169 YDX,
849 3081 1110 3174 XDV)
1163 3094 1386 3155 rectae
1420 3081 1582 3172 DP,
1630 3080 1800 3170 DY,
1861 3082 2038 3172 DX,
2095 3083 2241 3155 DV
2296 3083 2648 3156 continue

556 3194 1166 3290 proportionales.
1271 3195 1369 3268 Et
1427 3207 1964 3298 consequenter
2031 3193 2367 3292 (propter
2420 3197 2646 3269 cubos

557 3305 634 3378 in
694 3307 980 3380 ratione
1040 3308 1349 3380 laterum
1415 3307 1818 3404 triplicata)
1886 3307 2116 3381 cubus
2176 3307 2426 3382 lateris
2496 3309 2647 3382 DY

557 3419 961 3516 subduplus
1009 3421 1179 3493 cubi
1225 3421 1475 3494 lateris
1523 3422 1658 3494 DP
1710 3421 1863 3495 sive
1910 3421 2081 3495 DA.
2183 3422 2428 3517 Atque
2474 3422 2648 3495 hac-

556 3545 771 3607 tenus
807 3542 1032 3605 recte.

657 3650 704 3685 “
733 3647 1041 3719 Rectam
1089 3657 1338 3719 autem
1372 3646 1506 3719 YZ
1561 3646 2066 3721 continuatam
2120 3659 2398 3744 puncto
2435 3650 2492 3722 P
2518 3671 2643 3721 oc-

555 3782 875 3848 currere,
909 3758 1223 3856 probare
1258 3759 1533 3831 frustra
1567 3759 1977 3833 contendit.

656 3874 967 3946 “Ducta
1003 3872 1158 3958 PV,
1195 3881 1271 3945 et
1316 3871 1598 3945 bisecta
1646 3872 1726 3944 in
1760 3897 1833 3962 a,
1896 3872 2212 3945 ducatur
2262 3871 2369 3945 ab
2419 3882 2642 3946 rectae

554 3986 702 4060 DY
733 3986 1103 4083 parallela,
1152 3997 1376 4059 rectae
1411 3985 1550 4057 DP
1587 4008 1980 4058 occurrens
2018 3986 2095 4058 in
2132 4011 2218 4059 c:
2273 3998 2640 4083 rectaeque

553 4098 663 4172 ab
721 4098 1345 4197 perpendicularis
1408 4098 1561 4170 Td.
1666 4096 1960 4172 Bisecta
2019 4122 2193 4172 vero
2255 4100 2363 4172 dc
2424 4100 2502 4171 in
2553 4123 2638 4195 g,

950 4349 985 4383 ⁴*
1029 4349 1182 4409 Vide
1212 4348 1490 4427 Figuram
1520 4346 1615 4406 De
1640 4345 2028 4426 duplicatione
2058 4345 2216 4407 Cubi.
