3094 5125
1099 516 1208 569 DE
1248 506 1592 570 NATURA
1631 519 1905 570 Anms.
2399 504 2544 569 285

453 692 693 779 potest
742 682 851 755 vis
906 681 1033 756 illa
1091 709 1238 781 qua
1293 685 1627 759 incussus
1689 699 1898 769 erat;
1952 697 2175 781 atque
2231 685 2454 758 etiam
2502 710 2547 758 a

452 808 662 869 tanta
711 797 1255 892 compressione
1311 799 1634 895 aliquem
1685 799 1999 896 gradum
2051 799 2546 873 consistentiae

452 911 635 998 fieri,
663 934 1101 1005 quamquam
1130 911 1613 985 consistentia
1639 936 1847 1007 aquae
1870 912 2251 985 minorem.
2325 911 2549 985 Quod

452 1024 513 1096 si
563 1035 752 1096 esset
797 1023 871 1095 in
910 1023 1168 1097 iisdem
1214 1024 1591 1120 particulis
1638 1025 1827 1097 aeris
1874 1024 2238 1113 omnibuS,
2277 1039 2549 1121 praeter

452 1147 737 1209 motum
774 1135 977 1209 illum
1016 1162 1162 1233 quo
1199 1137 1431 1211 altera
1473 1139 1780 1212 alteram
1814 1138 2107 1234 premit,
2146 1153 2388 1212 motus
2424 1140 2545 1212 ille

452 1248 828 1322 circularis
874 1250 1206 1347 simplex,
1241 1250 1448 1346 isque
1504 1250 1681 1324 satis
1715 1251 2157 1324 vehemens:
2213 1252 2546 1349 impossi-

453 1362 596 1435 bile
630 1362 784 1435 fere
820 1376 1009 1437 esset
1042 1387 1266 1437 unam
1303 1387 1556 1436 earum
1591 1388 1637 1437 a
1670 1388 1802 1436 suo
1839 1363 2134 1438 circello
2162 1364 2545 1454 dimoveri,

454 1476 632 1570 quin
691 1476 997 1574 reliquis
1056 1477 1436 1574 particulis
1491 1477 2020 1566 resistentibuS,
2077 1489 2278 1551 totus
2331 1478 2547 1551 simul

454 1602 894 1676 moveretur,
965 1589 1041 1662 id
1099 1602 1232 1679 est,
1293 1602 1531 1664 totum
1605 1589 1871 1664 durum
1940 1601 2155 1662 esset.
2262 1591 2545 1663 Durum

455 1702 649 1774 enim
709 1715 823 1775 est
875 1713 1113 1775 totum
1167 1701 1371 1791 illud,
1420 1704 1629 1798 cujus
1678 1701 1882 1774 nulla
1934 1701 2131 1774 cedit
2182 1725 2352 1797 pars
2405 1704 2547 1776 nisi

454 1815 760 1888 cedente
797 1826 979 1888 toto.
1082 1814 1306 1888 Vides
1360 1838 1537 1911 ergo
1594 1838 1808 1910 posse
1858 1815 2018 1887 fieri
2073 1814 2418 1888 duritiem
2469 1818 2546 1888 in

453 1928 883 2001 fluidissimo
935 1952 1103 2001 aere
1149 1952 1283 2025 per
1336 1940 1621 2002 motum
1664 1928 1862 2001 hunc
1905 1928 2335 2002 circularem
2376 1930 2550 2002 sim-

454 2041 718 2136 plicem
780 2041 1331 2138 particularum,
1369 2041 1632 2137 quibus
1691 2041 1838 2115 duo
1892 2055 2135 2115 motus
2196 2043 2548 2115 contrarii

455 2166 627 2227 ante
664 2154 1021 2229 dederant
1056 2155 1514 2251 vertiginem.
1604 2155 1872 2229 Vidisti
1908 2179 2200 2253 quoque
2233 2155 2549 2251 gradum

454 2267 751 2340 duritiei
808 2267 970 2340 dari
1029 2269 1347 2362 aliquem
1400 2291 1615 2364 posse
1663 2292 1708 2340 a
1748 2267 1904 2342 sola
1951 2269 2545 2364 compressione:

453 2380 531 2453 id
578 2381 777 2477 quod
831 2382 1313 2454 confirmatur
1363 2382 1587 2455 etiam
1647 2380 1722 2454 in
1781 2382 2259 2478 generatione
2305 2382 2547 2455 carnis

454 2493 650 2568 intra
686 2494 1053 2569 musculos
1081 2495 1381 2569 humani
1419 2495 1773 2592 corporis.
1849 2495 2044 2568 Nam
2080 2495 2345 2583 carnis,
2384 2519 2549 2592 quae

459 2607 537 2680 in
593 2607 945 2680 musculis
998 2608 1448 2698 continetur,
1498 2608 1810 2682 materia
1855 2609 2028 2683 illuc
2076 2609 2386 2683 advecta
2440 2622 2552 2683 est

456 2718 573 2790 vel
607 2743 740 2815 per
776 2720 1108 2810 arteriaS,
1134 2722 1250 2794 vel
1282 2746 1417 2818 per
1447 2747 1735 2797 nervos
1841 2724 2012 2797 Non
2049 2748 2179 2821 per
2215 2724 2548 2813 arteriaS,

456 2830 534 2904 in
601 2833 864 2929 quibus
932 2833 1117 2906 nihil
1184 2834 1422 2908 fertur
1487 2847 1758 2933 praeter
1825 2838 2302 2933 sanguinem:
2376 2861 2547 2910 caro

456 2955 702 3018 autem
762 2969 909 3017 non
968 2968 1060 3017 ex
1115 2948 1469 3043 sanguine
1526 2959 1844 3038 constat,
1895 2951 2019 3046 qui
2076 2950 2278 3023 salva
2329 2974 2549 3022 carne

455 3059 601 3132 elui
669 3072 941 3155 potest.
1048 3059 1298 3133 Quare
1368 3061 1677 3133 materia
1744 3062 1984 3134 carnis
2055 3062 2385 3136 defertur
2452 3062 2550 3136 ad

455 3173 824 3246 musculos
851 3196 985 3269 per
1014 3195 1300 3244 nervos
1378 3173 1697 3247 Materia
1730 3187 1972 3248 autem
2000 3200 2165 3271 quae
2201 3175 2275 3248 in
2304 3176 2549 3249 nervis

455 3287 878 3360 continetur
938 3284 1409 3359 tenuissimus
1465 3286 1764 3382 spiritus
1826 3298 1982 3360 est:
2056 3289 2180 3384 qui
2241 3313 2411 3361 cum
2471 3289 2550 3361 in

455 3401 801 3474 musculis
868 3400 954 3473 fit
1015 3422 1211 3486 care,
1282 3412 1577 3473 constat
1637 3424 1728 3472 ex
1790 3400 2190 3475 innumeris
2259 3401 2549 3475 filiculis

454 3514 638 3588 adeo
674 3512 979 3587 minutis
1014 3525 1092 3584 et
1126 3511 1491 3603 fissilibuS‚
1514 3526 1601 3587 ut
1625 3515 1863 3586 visum
1899 3516 2199 3588 tandem
2233 3515 2546 3611 fugiant.

458 3625 673 3700 Unde
720 3640 969 3700 autem
1019 3626 1180 3698 fieri
1241 3625 1383 3699 hoc
1434 3638 1702 3722 potest,
1739 3627 1880 3700 nisi
1924 3628 2122 3724 quod
2170 3628 2471 3724 spiritus
2507 3652 2548 3699 e

457 3740 784 3829 cerebro,
842 3763 1236 3813 nervorum
1293 3750 1578 3813 meatus
1638 3740 1898 3837 longos
1952 3742 2548 3836 arctissimosque

456 3853 843 3939 transienS,
876 3875 1012 3948 per
1047 3853 1666 3948 compressionem
1708 3853 2196 3950 inspissetur?
2299 3855 2548 3949 Atque

456 3965 625 4037 talis
661 3965 956 4060 quidem
992 3989 1149 4039 esse
1184 3978 1432 4063 potest
1467 3992 1692 4041 causa
1727 3968 2049 4042 efficiens
2086 3967 2262 4041 duri
2283 3968 2545 4066 primi.

457 4077 662 4149 Duri
714 4090 959 4151 autem
1007 4078 1332 4168 secundi,
1370 4079 1445 4152 id
1500 4094 1635 4170 est,
1674 4081 1838 4154 duri
1874 4107 1918 4155 a
1952 4081 2364 4155 cohaesione
2412 4079 2547 4153 du-

455 4214 707 4261 rorum
741 4192 1170 4286 primorum,
1199 4216 1420 4265 causa
1452 4206 1699 4291 potest
1727 4219 1883 4268 esse
1912 4209 2157 4267 motus
2192 4195 2313 4267 ille
2349 4193 2547 4266 idem

458 4302 834 4375 circularis
870 4303 1176 4398 simplex
1212 4306 1654 4400 conjunctus
1693 4330 1861 4379 cum
1897 4319 2246 4380 contactu
2279 4330 2546 4380 eorun-

459 4416 627 4492 dem
696 4416 1160 4512 superficiali,
1231 4418 1346 4491 vel
1415 4418 1642 4493 etiam
1710 4419 2199 4495 intricatione.
2322 4422 2425 4493 At
2485 4421 2547 4493 si
