3094 5125
727 482 821 548 84
1160 494 1699 548 EXAMINATIO
1743 496 1843 547 ET
1881 495 2380 549 ΕΜΕΝΒΑΤῙΟ

342 685 645 727 maneus
727 674 861 749 est,
918 663 1265 759 expositis
1318 674 1788 760 quotcunque
1844 664 2401 759 quantitatibuS‚
2444 663 2818 737 rationem

472 767 536 808 11.

352 836 641 875 *q*
724 777 982 874 primae
1036 776 1131 850 ad
1191 777 1527 850 ultimam
1578 776 1935 873 aequalem
1982 800 2141 850 esse
2199 777 2611 851 rationibus
2661 802 2821 850 om-

725 891 941 963 nibus
975 890 1231 987 primae
1264 889 1359 963 ad
1394 889 1814 978 secundam,
1849 890 2191 964 secundae
2244 890 2340 964 ad
2380 892 2709 980 tertiam,
2746 902 2819 964 et

728 1004 834 1077 sic
871 1004 1217 1101 deinceps
1252 1027 1484 1099 usque
1522 1003 1617 1076 ad
1654 1002 2011 1091 ultimam,
2046 1004 2264 1077 simul
2299 1005 2639 1101 sumptis.

829 1117 926 1191 A.
983 1119 1117 1190 Est
1144 1117 1249 1191 ita
1282 1128 1368 1189 ut
1402 1116 1628 1200 dicis;
1682 1128 1757 1188 et
1791 1118 1948 1212 ejus
1999 1117 2107 1189 rei
2147 1141 2443 1190 causam
2489 1118 2822 1191 ostendit

725 1232 887 1328 ipsa
921 1231 1271 1328 operatio.
1379 1231 1467 1303 In
1520 1230 2057 1326 quantitatibus
2119 1232 2311 1304 enim
2364 1231 2600 1304 tribus
2657 1233 2821 1328 qui-

726 1344 1000 1433 busviS‚
1038 1346 1128 1433 A,
1166 1343 1253 1433 B,
1293 1343 1375 1434 Ο,
1413 1344 1732 1417 dubitari
1769 1367 1919 1416 non
1969 1355 2215 1440 potest
2260 1345 2438 1441 quin
2480 1347 2823 1442 exposita

726 1457 796 1529 A
850 1456 945 1529 ad
1006 1457 1415 1553 expositam
1464 1455 1526 1528 B
1581 1456 1945 1530 rationem
2001 1457 2271 1530 habeat
2321 1458 2387 1529 A
2431 1457 2528 1530 ad
2579 1459 2692 1543 B;
2746 1471 2819 1532 et

729 1569 1085 1660 similiter,
1110 1571 1442 1667 exposita
1468 1570 1530 1642 Β
1553 1570 1647 1643 ad
1682 1571 2088 1666 expositam
2117 1570 2178 1643 Ο
2198 1571 2559 1644 rationem
2593 1573 2820 1646 habet

730 1683 793 1756 Β
829 1683 923 1756 ad
959 1684 1040 1757 Ο.
1146 1684 1396 1759 Quare
1451 1684 1643 1757 ratio
1696 1684 1766 1756 A
1821 1682 1918 1755 ad
1975 1684 2036 1757 Ο
2091 1684 2498 1779 composita
2551 1696 2670 1759 est
2730 1711 2820 1759 ex

730 1796 1011 1869 duabus
1069 1798 1426 1891 partibus,
1482 1796 1856 1885 nimirum,
1918 1820 2007 1869 ex
2069 1796 2353 1870 ratione
2400 1799 2467 1872 A
2501 1798 2599 1871 ad
2637 1800 2700 1873 Β
2747 1811 2820 1873 et

727 1910 1013 1985 ratione
1050 1911 1112 1983 Β
1138 1911 1232 1984 ad
1263 1912 1344 1985 Ο.
1432 1913 1528 1984 Et
1563 1910 1926 2006 siquidem
1961 1923 2205 1983 essent
2240 1921 2556 2007 quatuor
2591 1937 2822 2009 quan-

728 2025 1006 2114 titates»,
1043 2027 1132 2114 A,
1171 2025 1256 2114 Β,
1297 2025 1378 2112 Ο,
1413 2025 1526 2109 Ι);
1581 2023 1774 2097 ratio
1802 2025 1868 2096 A
1903 2022 2001 2096 ad
2024 2024 2117 2112 D,
2154 2037 2457 2120 propter
2506 2025 2820 2098 eandem

729 2162 1047 2227 causam,
1084 2151 1649 2235 componeretur
1710 2160 1801 2210 ex
1842 2137 2251 2210 rationibus
2286 2139 2353 2212 A
2390 2137 2484 2212 ad
2533 2138 2595 2210 Β
2642 2154 2724 2213 et
2761 2140 2819 2212 Β

727 2252 823 2324 ad
852 2251 913 2324 Ο
948 2262 1021 2324 et
1058 2253 1118 2323 Ο
1153 2252 1248 2324 ad
1282 2251 1373 2324 D.

832 2365 929 2437 B.
982 2364 1216 2437 Video
1275 2364 1379 2437 ita
1433 2387 1612 2438 esse.
1719 2364 1866 2437 Sed
1924 2364 2068 2437 hoc
2122 2363 2382 2437 melius
2443 2365 2821 2461 aliquanto

731 2477 1026 2550 videtur
1093 2477 1273 2551 mihi
1338 2477 1877 2551 demonstrasse
1939 2476 2279 2550 Hobbius
2336 2477 2412 2549 in
2466 2478 2656 2552 libro
2713 2500 2819 2551 DE

735 2613 1119 2665 CORPORE
1183 2590 1374 2687 (cap.
1411 2591 1563 2664 xiii.
1608 2603 1746 2664 art.
1796 2591 1956 2686 13):
2020 2590 2526 2665 definitionem
2591 2592 2822 2666 dedu-

733 2728 907 2778 cens
943 2730 988 2779 a
1021 2703 1360 2778 doctrina
1392 2704 1484 2777 de
1520 2714 1751 2778 motu.
1829 2769 1832 2772 ,

835 2818 934 2892 Α.
991 2818 1136 2891 Sed
1160 2817 1503 2891 doctrina
1522 2817 1614 2892 de
1636 2827 1845 2890 motu
1872 2817 2327 2914 paucissimis
2353 2818 2654 2916 cognita
2676 2832 2821 2903 est;

734 2956 904 3005 cum
935 2943 1185 3006 tamen
1218 2943 1485 3005 natura
1518 2931 1789 3020 omnia,
1825 2956 1976 3004 non
2021 2930 2241 3004 modo
2279 2956 2441 3027 quae
2474 2931 2821 3028 physicae,

733 3044 861 3118 sed
892 3046 1115 3119 etiam
1155 3068 1319 3141 quae
1367 3044 1907 3118 mathematicae
1953 3044 2593 3140 contemplationis
2627 3057 2821 3133 sunt,

730 3183 866 3255 per
899 3170 1175 3232 motum
1213 3158 1582 3254 transigit.
1688 3156 1971 3229 Primus
2006 3155 2135 3251 qui
2170 3157 2460 3253 scripsit
2487 3156 2579 3229 de
2615 3170 2825 3232 motu

734 3271 931 3367 quod
969 3272 1273 3368 dignum
1305 3271 1502 3344 lectu
1538 3280 1723 3358 erat,
1751 3268 1893 3342 fuit
1921 3267 2285 3343 Galilaeus.
2391 3270 2823 3365 Progredia-

735 3408 901 3457 mur
928 3386 1081 3480 jam
1116 3384 1214 3457 ad
1244 3384 1707 3458 Elementum
1745 3382 2134 3478 septimum
2166 3413 2184 3467 ;
2237 3383 2366 3455 ubi
2415 3383 2657 3477 primo
2698 3384 2824 3458 de-

733 3497 990 3570 finitur
1024 3498 1294 3585 unitas,
1346 3495 1500 3584 sed,
1539 3508 1625 3567 ut
1680 3494 1899 3566 modo
1941 3492 2211 3584 vidisti,
2264 3495 2501 3580 male-3
2556 3495 2826 3571 deinde

734 3633 1097 3698 numeru-5,
1123 3622 1380 3682 contra
1399 3607 2184 3698 sententiamWallisii‚
2209 3609 2510 3705 optime.
2567 3610 2828 3686 Tertia

737 3723 1067 3796 definitio
1090 3736 1200 3796 est
1211 3723 1499 3819 partiar,
1520 3720 1858 3813 (subaudi
1882 3720 2290 3816 aliquotae),
2314 3723 2515 3818 quod
2543 3725 2641 3797 sit
2671 3751 2824 3798 ma-

719 3835 923 3931 joris
959 3835 1397 3931 quantitatis
1434 3857 1779 3907 mensura
1802 3860 1831 3916 ;
1882 3845 1958 3905 et
1991 3846 2216 3923 recte,
2254 3835 2315 3907 si
2351 3859 2484 3932 per
2515 3848 2824 3933 partem

737 3948 1141 4047 aliquotam
1174 3948 1627 4044 intelligatur
1648 3971 1844 4045 pars
1879 3945 2211 4042 aliquota
2246 3950 2547 4022 numeri.
2627 3950 2822 4025 Alio-

739 4063 866 4160 qui
916 4086 1115 4160 pars
1149 4061 1227 4134 in
1279 4060 1703 4135 definitione
1739 4084 2117 4149 men-mroe,
2154 4085 2302 4133 non
2355 4086 2701 4136 mensura
2748 4065 2823 4138 in

741 4175 1166 4251 definitione
1199 4173 1457 4270 partis
1510 4173 1855 4268 ponenda
1908 4186 2043 4246 est.
2148 4173 2427 4249 Quinta
2467 4175 2627 4248 haec
2665 4189 2822 4248 est:

738 4291 1158 4355 πολλαπλάσιος
1192 4280 1308 4346 ἐςὶν
1337 4287 1368 4344 ὁ
1400 4290 1610 4363 μείζων
1637 4294 1728 4345 τοῦ
1758 4287 2066 4354 ἐλάττονος,
2096 4287 2230 4344 ὅταν
2267 4291 2692 4365 καταμετρεῖται
2720 4288 2821 4348 ὑπὸ

734 4405 826 4456 τοῦ
871 4396 1181 4462 ἐλάττονος.
1284 4379 1530 4453 Latini
1593 4380 1721 4478 qui
1774 4380 1878 4453 sic
1912 4390 2232 4470 vertunt,
2284 4379 2680 4478 multiplex
2712 4389 2823 4454 est
