3094 5125
628 502 765 582 174
1056 520 1596 575 EXAMINATlo
1636 522 1737 574 ΕΤ
1775 521 2269 573 EMENDA‘no

241 711 544 756 DIALOGUS
619 712 777 763 esse
828 690 971 763 hoc
1020 691 1445 787 geometriae
1499 689 2042 763 indivisibilium
2104 686 2509 776 Cavallerii,
2567 687 2694 783 qui

250 795 535 896 ss
617 827 751 899 per
784 803 1251 878 indivisibilia
1281 804 1629 899 intelligit
1663 802 1996 875 indivisa.

716 914 809 990 B.
864 918 1155 991 Falsum
1189 940 1478 1014 quoque
1513 928 1625 990 est
1659 916 1855 1012 quod
1888 915 2091 1003 dicit,
2127 914 2423 1010 planum
2460 911 2692 1008 quod-

616 1028 796 1103 libet
840 1032 1147 1104 confiari
1193 1056 1283 1105 ex
1336 1031 1645 1104 infinitis
1704 1028 2400 1126 parallelogrammis
2453 1051 2695 1122 aequa-

615 1140 829 1216 libus,
914 1144 1174 1240 Neque
1201 1145 1396 1217 enim
1425 1144 1772 1239 trianguli
1801 1152 2146 1216 constant
2180 1165 2270 1214 ex
2307 1140 2692 1237 parallelo-

614 1257 987 1350 grammiS‚
1056 1258 1185 1331 sed
1255 1281 1342 1330 ex
1413 1256 1807 1353 trapeziis;
1889 1278 2127 1350 neque
2193 1254 2423 1327 ullum
2491 1253 2692 1326 aliud

615 1367 916 1462 planum
951 1393 1042 1442 ex
1076 1370 1770 1467 parallelogrammis
1805 1378 2115 1457 constat,
2149 1379 2420 1464 praeter
2453 1367 2690 1462 paral-

615 1478 1193 1577 lelogrammum.
1282 1485 1540 1579 Neque
1578 1483 1909 1578 sequitur
1943 1505 2034 1554 ex
2069 1480 2406 1554 doctrina
2440 1481 2693 1554 Caval-

616 1591 799 1683 lerii,
846 1595 1036 1668 sicut
1085 1620 1175 1669 ex
1232 1596 1573 1670 doctrina
1632 1595 1770 1668 hac
1821 1594 2152 1682 Wallisii,
2204 1593 2475 1666 nullam
2530 1618 2692 1665 esse

616 1707 1111 1804 cujuscunque
1150 1708 1376 1807 plani
1430 1708 1920 1782 altitudinem.
2045 1707 2457 1803 Propositio
2514 1731 2690 1803 ergo

614 1821 852 1915 prima
884 1822 1064 1895 nihil
1100 1824 1276 1919 egit.

712 1933 811 2008 A.
864 1936 1064 2010 Dicit
1110 1938 1417 2012 fortasse
1460 1936 1657 2010 idem
1711 1935 1982 2010 sentire
2034 1958 2111 2007 se
2172 1933 2371 2030 quod
2434 1933 2692 2006 Caval-

613 2046 858 2131 lerius‚
912 2072 1198 2146 nempe,
1255 2075 1413 2123 esse
1469 2049 1893 2122 altitudines
1954 2069 2253 2119 suorum
2309 2045 2690 2141 parallelo-

612 2184 1109 2255 grammorum
1142 2163 1429 2236 infinite
1468 2185 1860 2259 parvorum
1910 2183 2062 2232 non
2094 2182 2394 2256 prorsus
2426 2158 2687 2246 nullas,

615 2272 744 2346 sed
778 2274 990 2348 valde
1026 2276 1351 2370 exiguaS.

712 2385 804 2459 B.
861 2387 1061 2463 Quid
1096 2412 1272 2483 ergo
1307 2411 1488 2483 opus
1526 2397 1686 2460 erat
1736 2385 2003 2474 dicere,
2041 2384 2325 2478 infinite
2368 2406 2687 2481 parvae,

613 2522 781 2573 cum
841 2499 1247 2573 suffecisset
1325 2499 1592 2572 dixisse
1678 2522 1827 2571 non
1911 2496 2542 2571 consideraturum
2611 2519 2688 2569 se

613 2611 905 2684 illorum
939 2612 1365 2686 altitudines
1398 2625 1483 2685 ut
1521 2610 2014 2709 quantitates?
2099 2609 2384 2683 Deinde
2412 2611 2688 2705 Propo-

613 2723 880 2797 sitione
928 2724 1270 2815 secunda,
1326 2726 1453 2799 ubi
1488 2725 1991 2798 demonstrare
2024 2723 2182 2796 vult
2238 2724 2688 2820 triangulum

612 2848 852 2910 totum
886 2838 1164 2935 aequale
1199 2863 1356 2912 esse
1392 2840 1726 2913 omnibus
1771 2838 1931 2911 basi
1982 2837 2370 2933 parallelis,
2421 2860 2687 2933 suppo-

611 2948 868 3047 nitque
894 2952 1343 3048 triangulum
1378 2952 1694 3026 divisum
1719 2975 1877 3025 esse
1904 2951 1982 3024 in
2007 2950 2688 3046 parallelogramma

610 3062 1034 3139 altitudines
1092 3067 1441 3140 habentia
1492 3067 1780 3140 infinite
1831 3088 2141 3162 parvas;
2201 3076 2278 3137 et
2336 3064 2507 3159 quia
2562 3062 2688 3135 illa

610 3176 1288 3276 parallelogramma
1342 3190 1514 3252 sunt
1567 3179 2024 3252 arithmetice
2083 3177 2682 3273 proportionalia,

610 3291 1008 3382 concludit,
1061 3304 1137 3366 et
1191 3291 1486 3388 quidem
1545 3303 1769 3381 recte,
1828 3315 1914 3364 ea
1973 3290 2188 3363 simul
2246 3289 2492 3362 omnia
2544 3289 2684 3360 toti

611 3403 978 3500 triangulo
1012 3428 1169 3478 esse
1205 3405 1559 3500 aequalia:
1611 3402 2140 3492 animadverto,
2193 3400 2390 3497 quod
2425 3401 2486 3474 si
2521 3400 2685 3473 alti-

609 3515 902 3588 tudines
934 3516 1155 3590 nullae
1189 3518 1357 3607 sint,
1399 3528 1487 3590 ut
1531 3517 1594 3589 is
1641 3516 2010 3612 supponit,
2065 3515 2266 3588 nulla
2320 3515 2460 3587 erit
2518 3538 2685 3610 pro-

534 3615 542 3622 ’
609 3628 850 3724 portio
885 3630 1370 3719 arithmetica,
1414 3629 1558 3702 nisi
1595 3637 1666 3719 Ο,
1702 3637 1774 3718 0,
1810 3637 1882 3719 0,
1919 3637 1990 3718 Ο,
2027 3640 2194 3712 etc„
2256 3627 2403 3700 sint
2456 3627 2683 3699 arith-

610 3741 876 3815 metice
949 3742 1553 3839 proportionales.
1681 3741 1941 3838 Neque
2026 3751 2244 3813 erunt
2308 3739 2683 3836 parallelo-

607 3878 942 3951 gramma
984 3856 1126 3928 toti
1159 3855 1526 3953 triangulo
1560 3855 1893 3952 aequalia,
1946 3853 2088 3926 nisi
2123 3852 2469 3926 infinities
2502 3852 2685 3925 nihil

608 3969 845 4064 possit
877 3992 1033 4043 esse
1066 3970 1345 4065 aequale
1380 3970 1597 4043 alicui
1633 3971 1739 4043 rei
1769 4000 1788 4053 ;
1841 3991 2079 4063 neque
2131 3967 2194 4040 si
2235 3990 2368 4063 per
2402 3966 2686 4060 infinite

595 4105 922 4180 parvum
952 4081 1298 4178 intelligit
1331 4081 1705 4180 exiguum,
1739 4104 2038 4155 necesse
2079 4091 2240 4153 erat
2284 4079 2526 4153 facere
2560 4080 2686 4152 illa

609 4195 900 4293 exigua.
1026 4194 1146 4268 An
1190 4195 1267 4268 in
1321 4196 1605 4269 ratione
1657 4194 2123 4269 arithmetica
2168 4217 2320 4267 non
2371 4192 2682 4267 fuissent

609 4309 754 4381 toti
786 4333 937 4382 non
969 4308 1299 4405 aequalia,
1335 4310 1397 4382 si
1436 4308 1861 4382 altitudines
1912 4308 2410 4404 supposuisset
2467 4329 2682 4402 quas-

611 4422 951 4517 cunque?
1051 4421 1241 4497 Tota
1274 4446 1449 4519 ergo
1483 4423 1643 4496 haec
1687 4421 2091 4520 propositio
2133 4421 2426 4495 unicam
2459 4418 2683 4492 habet
