3094 5125
892 713 997 768 AD
1034 712 1697 769 ILLUSTRISSIMUM
1735 709 2117 767 DOMINUM

738 852 853 933 D.
944 852 1659 935 HENRICUM
1752 849 2284 934 BENNET

931 1012 1356 1074 BARoNEM
1396 1014 1511 1072 DE
1552 1012 2081 1086 ARLINGTON,

421 1153 814 1196 sssmtmssnao
844 1154 988 1196 REGI
1024 1156 1239 1197 CAROLO
1269 1156 1317 1195 11
1350 1157 1386 1196 A
1417 1155 1704 1196 CONSILIIS
1734 1156 1813 1195 ΕΤ
1840 1154 2245 1195 ΒΕΟΒΕΤΑΒῙῸΜ
2275 1154 2622 1195 ΡΒῙΜΔΒῙΠΜ.

373 1395 562 1471 CUM
611 1400 1009 1473 senectutis
1044 1424 1227 1473 meae
1281 1399 1625 1473 solatium
1670 1398 2070 1472 maximum
2109 1408 2282 1487 tuae,
2317 1396 2653 1471 illustris-

371 1529 550 1601 sime
588 1530 928 1620 Domine,
983 1533 1104 1628 opi
1162 1532 1488 1621 debeam,
1541 1531 1873 1628 ingratus
1932 1553 2168 1603 essem
2218 1529 2361 1602 nisi
2423 1541 2653 1604 tantae

368 1661 627 1756 gratiae
663 1663 1051 1758 vestigium
1094 1663 1414 1761 aliquod,
1466 1662 1607 1736 etsi
1659 1662 2075 1748 obscurum,
2131 1672 2381 1734 extare
2441 1685 2654 1735 cura-

370 1817 550 1868 rem.
656 1794 876 1870 Quod
933 1820 1101 1869 cum
1161 1797 1305 1870 alia
1355 1820 1507 1869 non
1555 1818 1875 1891 possum,
1911 1797 2214 1892 vulgata
2262 1794 2384 1868 via
2442 1796 2654 1869 scho-

370 1926 632 2001 larium
673 1927 890 2018 facin,
929 1929 1189 2003 dedico
1248 1929 1382 2003 tibi
1427 1929 1780 2019 libellum,
1825 1954 1977 2003 non
2022 1930 2211 2003 male
2258 1942 2649 2020 moratum,

372 2039 501 2135 sed
534 2073 781 2136 tamen
818 2063 1299 2136 audaculum:
1352 2073 1896 2158 geometrarum
1944 2063 2139 2137 enim
2176 2075 2412 2138 totam
2446 2064 2652 2137 inva-

373 2196 484 2270 dit
517 2199 911 2271 nationem.
1017 2197 1241 2287 Quid,
1277 2197 1588 2293 inquies,
1616 2198 1676 2270 si
1711 2198 2028 2294 injuste?
2132 2199 2321 2273 Mihi
2356 2198 2652 2296 quidem

370 2333 448 2406 id
483 2332 799 2407 dedecus
823 2357 1176 2430 magnum
1200 2343 1429 2405 esset:
1469 2332 1600 2404 sed
1626 2308 1823 2427 quod
1853 2333 1949 2405 ad
1974 2342 2071 2421 te,
2101 2332 2226 2428 qui
2260 2332 2356 2405 ad
2389 2332 2653 2406 altiora

370 2468 756 2541 institutus
795 2491 897 2556 eS,
934 2491 1293 2565 quemque
1330 2490 1616 2540 morum
1651 2478 1728 2539 et
1763 2466 1982 2540 officii
2037 2466 2185 2539 mei
2236 2490 2413 2564 erga
2462 2466 2652 2564 teip-

374 2624 559 2689 sum,
620 2625 772 2673 non
839 2624 1200 2697 nugarum
1268 2624 1599 2674 mearum
1666 2600 2159 2696 inspectorem
2226 2600 2443 2690 faci0,
2498 2624 2650 2675 non

371 2735 789 2833 pertinebit.
893 2735 982 2808 In
1040 2759 1307 2832 magno
1364 2735 1661 2833 quidem
1713 2735 2042 2833 periculo
2101 2735 2377 2808 versari
2433 2735 2649 2809 video

374 2869 985 2943 existimationem
1037 2893 1298 2958 meam,
1356 2870 1481 2966 qui
1539 2894 1580 2943 a
1637 2870 2031 2966 geometris
2097 2869 2250 2942 sere
2312 2870 2651 2944 omnibus

374 3001 747 3076 dissentio,
849 3003 1125 3075 Eorum
1186 3001 1380 3074 enim
1436 3001 1560 3098 qui
1618 3000 1708 3073 de
1768 3001 2029 3075 iisdem
2081 3003 2300 3075 rebus
2360 3026 2650 3076 mecum

371 3136 647 3234 aliquid
682 3136 1095 3225 ediderunt,
1131 3146 1262 3208 aut
1289 3134 1501 3207 'solus
1553 3134 1838 3208 insanio
1891 3157 2028 3231 ego
2074 3145 2201 3209 aut
2260 3136 2455 3209 solus
2499 3161 2649 3209 non

370 3270 697 3343 insanio:
750 3269 1052 3342 tertium
1100 3267 1297 3341 enim
1357 3291 1508 3340 non
1569 3277 1703 3357 est,
1751 3267 1917 3356 nisi,
1970 3269 2168 3364 quod
2216 3267 2411 3342 dicet
2454 3269 2648 3344 forte

373 3402 654 3500 aliquis,
717 3402 1166 3477 insaniamus
1221 3424 1494 3474 omnes.
1600 3401 1967 3474 Caeterum
2035 3402 2192 3475 sine
2250 3402 2500 3500 judice
2559 3402 2649 3477 lis

375 3545 510 3625 est,
576 3534 719 3608 nisi
786 3534 988 3632 quod
1035 3533 1362 3631 judicem
1431 3533 1823 3630 aliquando
1883 3534 2193 3632 seipsam
2256 3538 2654 3611 constituet

374 3667 702 3740 nondum
767 3667 1050 3741 imbuta
1113 3664 1525 3764 posteritas.
1656 3665 1909 3739 Videri
1985 3667 2123 3740 tibi
2190 3667 2472 3741 interea
2536 3668 2649 3741 vir

375 3799 636 3889 bonuS,
705 3802 844 3875 etsi
910 3801 1266 3899 pessimus
1332 3812 1735 3898 geometra,
1805 3801 1980 3874 satis
2045 3801 2306 3875 habe0.
2408 3800 2649 3875 Deum

376 3957 641 4032 precor
691 3946 778 4008 ut
832 3946 907 4009 te
953 3936 1230 4034 optimo
1280 3935 1466 4032 Regi
1512 3934 1928 4008 ministrum
1988 3935 2347 4031 optimum
2392 3935 2649 4009 diutis-

378 4068 559 4141 sime
593 4090 1022 4141 conservare
1055 4068 1253 4142 velit.

1107 4234 1497 4308 Servorum
1531 4246 1829 4308 tuorum
1857 4233 2304 4307 humillimus

1846 4394 2122 4466 ΤΗοΜ.
2178 4393 2551 4467 Honnns.
