3094 5125
270 689 408 736 CAP.
437 690 570 731 xm.

288 759 572 792 n-q-—ae

261 815 332 867 De
348 818 569 863 rationum

263 881 446 927 calculo.

660 482 806 548 426
945 496 1053 547 DE
1092 493 1559 546 PRINCIPIIS
1600 493 1702 545 ET
1741 491 2467 545 RATIoclNATIONn

663 663 790 759 qui
822 661 982 735 fieri
1016 672 1260 758 potest
1294 672 1383 735 ut
1406 661 1791 759 proportio
1817 660 2037 757 primi
2069 659 2167 732 ad
2190 659 2492 732 tertium
2524 658 2815 755 dupla

661 776 757 848 sit
790 775 1289 872 proportionis
1309 775 1530 871 primi
1556 774 1652 847 ad
1678 772 2108 860 secundum,
2131 796 2300 845 cum
2327 773 2424 845 sit
2445 773 2808 846 omnino

660 890 956 963 eadem?
1026 889 1365 963 Profecto
1386 890 1447 961 si
1471 889 1661 962 ratio
1682 897 1725 960 4
1752 887 1849 961 ad
1865 898 1932 976 4,
1949 910 2213 982 nempe
2239 887 2430 960 ratio
2445 886 2800 983 aequalis

658 1004 755 1078 ad
776 1003 1078 1099 aequale,
1105 1003 1184 1076 id
1205 1016 1341 1092 est,
1364 1004 1524 1100 ipsa
1546 1000 1946 1097 aequalitas,
1969 1000 2345 1097 quantitas
2364 999 2484 1088 sit,
2502 999 2796 1074 valida

659 1130 775 1190 est
829 1116 1174 1210 objectio.
1279 1116 1411 1189 Sin
1460 1116 1834 1212 quantitas
1893 1138 2047 1187 non
2107 1114 2223 1203 sit,
2276 1114 2542 1187 frivola
2599 1126 2740 1188 est
2761 1139 2789 1186 ε

660 1253 830 1302 cum
863 1229 1048 1302 nihil
1083 1230 1179 1303 ad
1213 1230 1393 1303 nihil
1441 1230 1801 1318 additum,
1835 1229 1954 1307 vel
2003 1252 2136 1327 per
2168 1229 2355 1302 nihil
2400 1227 2783 1325 multipli-

662 1354 912 1415 catum
971 1366 1259 1439 semper
1315 1344 1499 1417 facit
1557 1344 1763 1418 nihil.
1866 1344 2284 1439 Antequam
2343 1357 2597 1417 autem
2659 1343 2776 1418 ad

659 1456 854 1528 hanc
889 1466 964 1529 et
998 1456 1176 1529 alias
1211 1459 1367 1552 ejus
1404 1458 1856 1553 objectiones
1890 1457 2395 1552 respondeam,
2430 1481 2586 1531 non
2623 1459 2772 1531 abs

656 1592 742 1641 re
776 1570 922 1642 erit
954 1579 1386 1668 quantorum
1420 1595 1695 1666 genera
1728 1571 2041 1668 amplius
2075 1595 2171 1644 ex
2219 1571 2395 1668 ipsis
2441 1572 2769 1647 Euclide

662 1694 737 1756 et
775 1683 1000 1756 Clavo
1050 1683 1524 1780 distinguere,
1564 1697 1638 1758 et
1672 1683 1852 1780 quid
1899 1684 1995 1758 sit
2030 1685 2400 1758 rationum
2449 1684 2767 1759 additio

663 1809 740 1870 et
771 1796 1208 1886 subtractio,
1245 1821 1336 1870 ex
1369 1797 1630 1871 iisdem
1665 1797 2071 1895 explicare:
2123 1810 2200 1870 et
2236 1821 2368 1871 cur
2399 1798 2478 1870 in
2511 1798 2762 1873 tribus

662 1911 1012 1984 continue
1089 1911 1787 2007 proportionalibUS,
1857 1935 2170 2007 quorum
2235 1912 2555 2008 primum
2636 1922 2762 1985 est

654 2024 1082 2110 maximum,
1118 2024 1484 2098 rationem
1519 2024 1740 2120 primi
1775 2024 1870 2097 ad
1913 2023 2221 2096 tertium
2255 2023 2551 2120 duplam
2585 2047 2756 2097 esse

663 2137 816 2210 dixi
840 2137 1146 2211 rationis
1171 2137 1389 2233 primi
1419 2138 1512 2210 ad
1541 2138 1985 2222 secundum;
2022 2161 2169 2211 non
2193 2149 2440 2211 tamen
2453 2137 2752 2233 quando

654 2252 983 2348 primum
1019 2261 1130 2326 est
1168 2252 1598 2325 minimum„

1471 2847 1682 2922 CAP.
1739 2850 1942 2923 XIV.

1012 3020 1302 3073 ADHUC
1345 3020 1451 3073 DE
1491 3022 1943 3075 RATIONUM
1983 3023 2388 3076 CALCULO.

658 3150 1116 3238 DEF1N1T10
1182 3149 1443 3245 quinta
1494 3150 1858 3223 Elementi
1891 3151 2082 3225 sexti
2116 3152 2276 3226 haec
2310 3165 2465 3225 est:
2520 3150 2745 3224 Ratio

660 3288 757 3335 ex
789 3262 1203 3343 rationibus
1238 3264 1567 3362 componi
1602 3262 1908 3354 dicitur,
1938 3289 2098 3337 cum
2133 3266 2498 3339 rationum
2525 3290 2747 3363 quan-

662 3375 923 3447 titates
986 3376 1180 3448 inter
1244 3400 1330 3449 se
1395 3374 1913 3474 multiplicata»
1974 3376 2300 3475 aliquam
2366 3378 2746 3473 effecerint

660 3486 1025 3560 rationem
1052 3515 1079 3560 .·
1132 3500 1207 3561 et
1240 3512 1414 3562 vera
1458 3500 1594 3562 est.
1698 3490 1893 3562 Nam
1938 3490 2000 3563 si
2042 3491 2194 3563 sint
2237 3492 2744 3588 proportiones

660 3600 808 3674 illae
834 3599 1001 3674 duae
1037 3601 1314 3674 eaedem
1335 3601 1453 3675 vel
1480 3626 1631 3676 non
1660 3602 1962 3691 eaedem,
1990 3604 2141 3676 sive
2165 3605 2404 3700 prima
2429 3604 2746 3678 maxima

662 3715 760 3788 sit
806 3714 925 3787 vel
981 3737 1135 3787 non
1164 3766 1168 3769 <
1194 3715 1535 3804 maxima,
1592 3739 1880 3812 semper
1939 3716 2082 3789 illis
2128 3718 2520 3791 conveniet
2568 3718 2745 3792 defi-

659 3829 870 3902 nitio.
972 3827 1306 3924 Exempli
1339 3830 1622 3924 gratia:
1663 3830 1740 3902 in
1765 3829 1879 3903 his
1904 3831 2252 3916 numeris,
2278 3841 2474 3906 4—2
2494 3840 2742 3921 ‚6—3,

658 3943 788 4015 ubi
847 3942 1172 4016 rationes
1232 3952 1404 4014 sunt
1464 3942 1765 4031 eaedem,
1812 3944 1877 4015 si
1922 3944 2363 4041 multiplices
2420 3944 2616 4020 inter
2667 3971 2744 4021 se

660 4055 1180 4129 antecedentes
1208 4063 1251 4127 4
1281 4066 1354 4128 et
1383 4061 1455 4143 6,
1493 4055 1620 4150 qui
1644 4055 1930 4128 faciunt
1952 4066 2074 4146 24,
2102 4071 2180 4130 et
2213 4071 2742 4155 consequentes

662 4177 709 4243 2
747 4181 824 4241 et
859 4180 929 4258 3,
963 4169 1090 4266 qui
1123 4168 1407 4242 faciunt
1440 4177 1528 4242 6:
1564 4169 1755 4242 ratio
1789 4193 2100 4244 nascens
2127 4172 2270 4245 erit
2302 4173 2494 4246 ratio
2533 4182 2625 4247 24
2650 4173 2744 4247 ad

661 4290 734 4370 6,
787 4283 867 4357 id
900 4296 1011 4357 est
1044 4292 1087 4355 4
1128 4282 1224 4356 ad
1266 4291 1330 4372 1,
1383 4281 1460 4357 id
1505 4293 1638 4373 est,
1693 4282 2066 4378 duplicata
2127 4285 2434 4360 rationis
2468 4296 2513 4360 4
2550 4285 2647 4361 ad
2697 4297 2739 4361 2
