3094 5125
289 693 426 737 cAP.
455 695 540 736 11.

281 821 350 865 De
368 822 548 866 ratione.

640 485 784 550 414
926 497 1034 550 DE
1073 497 1534 550 Pammene
1578 497 1678 548 ET
1716 496 2433 549 RATIOCINATIONE

639 666 911 739 habere
947 666 1189 755 debet,
1228 690 1318 739 ex
1354 666 1770 763 quantitate
1804 665 1964 761 agri
1997 666 2135 738 sibi
2168 664 2471 761 proprii.
2524 663 2726 736 Mer-

640 792 870 869 cator,
901 780 1026 877 qui
1060 781 1356 854 tertiam
1389 793 1677 877 partem
1712 780 1997 854 collatae
2025 779 2357 875 pecuniae
2382 777 2724 863 contulit,

640 895 890 967 statim
920 893 1115 968 dicet
1149 893 1462 967 debere*
1500 894 1639 967 sibi
1671 894 1968 966 tertiam
1996 904 2281 989 partem
2316 891 2525 965 lucri.
2579 891 2725 964 Co-

641 1007 858 1080 lonus
902 1008 1028 1103 qui
1075 1007 1405 1103 possidet
1457 1008 1751 1081 tertiam
1802 1017 2087 1103 partem
2133 1006 2294 1101 agri
2351 1004 2720 1102 privatim,

636 1133 977 1217 prompte
1010 1121 1410 1217 postulabit
1445 1122 1742 1194 tertiam
1775 1134 2063 1217 partem
2099 1143 2272 1191 usus
2306 1119 2464 1214 agri
2519 1142 2723 1191 com-

640 1235 902 1306 muniS.
1008 1236 1528 1332 Unusquisque
1584 1235 1777 1307 enim
1825 1232 2030 1307 videt
2082 1234 2322 1306 inesse
2377 1233 2455 1305 in
2501 1257 2589 1305 ea
2639 1256 2723 1305 re

638 1348 1267 1442 comparationem
1304 1347 1737 1443 quantitatis
1765 1347 1860 1420 ad
1888 1346 2402 1441 quantitatem,
2429 1346 2722 1440 quanti-

638 1459 814 1532 tatis
849 1460 1148 1556 expensi
1193 1460 1288 1534 ad
1323 1461 1810 1557 quantitatem
1865 1458 2172 1554 accepti.
2278 1459 2427 1532 Sed
2480 1458 2723 1531 ideam

637 1572 830 1646 hanc
863 1574 970 1646 ita
1003 1573 1334 1646 oratione
1377 1572 1704 1669 generali
1755 1572 2139 1668 adaequate
2188 1572 2602 1667 complecti,
2638 1583 2724 1643 ut

637 1684 810 1758 inde
876 1686 1170 1782 regulas
1236 1686 1615 1782 generales
1683 1685 2186 1758 demonstrare
2255 1686 2509 1782 possit,
2569 1709 2722 1757 non

635 1798 849 1872 facile
884 1810 1127 1895 potest
1159 1800 1682 1895 unusquisque.
1789 1800 2016 1872 Juxta
2049 1799 2240 1871 hanc
2286 1796 2528 1870 ideam
2561 1799 2719 1871 vul-

635 1936 912 2007 garem,
958 1913 1508 2008 proportionem
1555 1914 1633 1985 in
1684 1912 2006 1985 numeris
2049 1912 2326 2007 optime
2388 1911 2720 1985 definivit

637 2025 1003 2113 EuclideS,
1039 2026 1204 2099 Des.
1241 2036 1363 2100 24.
1400 2027 1630 2100 Elem.
1668 2025 1818 2097 vii:
1873 2024 2012 2096 etsi
2047 2048 2134 2097 eo
2192 2024 2354 2097 loco
2400 2047 2551 2097 non
2602 2049 2717 2097 ra-

636 2137 937 2228 tionem,
999 2139 1130 2212 sed
1187 2142 1742 2236 proportionem
1804 2139 2026 2212 dicat.
2162 2139 2718 2234 Proportionem

637 2262 886 2325 autem
930 2252 1008 2325 in
1042 2252 1186 2325 alio
1233 2276 1450 2326 sensu
1500 2253 1682 2325 dicit
1736 2253 1815 2324 in
1866 2251 2031 2324 Def.
2088 2261 2161 2324 4.
2214 2253 2443 2326 Elem.
2481 2278 2549 2342 v,
2583 2278 2718 2350 pro

637 2366 1006 2438 rationum
1043 2366 1543 2440 similitudine.
1650 2366 1871 2439 Quod
1907 2366 2115 2458 parvi
2160 2367 2514 2440 momenti
2548 2391 2722 2463 pec-

636 2491 889 2551 catum
926 2490 1059 2566 est,
1093 2477 1235 2550 nisi
1276 2477 1472 2575 quod
1505 2477 2003 2550 inconstantia
2049 2478 2127 2550 in
2163 2479 2536 2552 vocabulis
2573 2479 2722 2576 sig-

639 2614 818 2663 num
845 2593 940 2664 sit
965 2592 1427 2664 obscuritatis
1462 2592 1541 2663 in
1575 2590 1978 2663 intellectu.
2068 2591 2216 2664 Sed
2252 2592 2492 2666 ideam
2520 2594 2721 2667 illam

640 2726 862 2798 quam
895 2704 1153 2777 habuit
1198 2703 1539 2777 Euclides
1574 2729 1625 2776 a
1666 2705 2027 2802 partibus
2075 2703 2330 2778 iisdem
2388 2731 2724 2779 numero·

638 2839 825 2907 rum,
861 2816 1492 2913 magnitudinibus
1527 2842 1692 2915 quae
1726 2842 1876 2891 non
1913 2841 2206 2914 semper
2250 2833 2423 2893 sunt
2466 2831 2549 2894 ut
2582 2845 2722 2894 nu-

639 2952 883 3002 merus
918 2931 1014 3004 ad
1046 2954 1435 3004 numerum
1486 2931 1837 3027 adaptare
1884 2954 2034 3002 non
2086 2931 2354 3026 potuit.
2462 2933 2723 3030 Itaque

639 3042 909 3116 omissa
940 3044 1066 3118 illa
1098 3046 1573 3142 responsione
1595 3044 1937 3142 partium
1973 3043 2083 3117 ad
2100 3055 2393 3139 partes,
2422 3058 2721 3120 coactus

637 3168 751 3230 est
784 3156 1027 3230 ideam
1061 3158 1278 3233 aliam
1314 3183 1643 3256 quaerere
1694 3170 1853 3231 tum
1906 3157 2523 3253 magnitudinum,
2560 3172 2723 3233 tum

635 3291 1110 3345 numerorum
1146 3262 1632 3345 communem.
1741 3271 2073 3344 Noverat
2107 3271 2184 3343 in
2214 3283 2531 3367 quatuor
2554 3296 2724 3369 pro-

634 3382 1167 3478 portionalibus
1199 3385 1518 3480 primum
1553 3382 1648 3456 ad
1682 3383 2087 3456 secundum
2135 3385 2247 3456 ita
2293 3409 2377 3457 ae
2428 3384 2721 3475 habere,

643 3494 953 3588 (Graece,
986 3511 1152 3574 atrae
1179 3498 1391 3590 ἔχειν),
1430 3508 1513 3569 ut
1549 3496 1851 3568 tertium
1886 3496 1981 3569 ad
2007 3508 2374 3591 quartum.
2463 3499 2722 3594 Itaque

638 3632 686 3681 a
719 3608 1168 3706 cogitatione
1201 3611 1404 3683 vocis
1452 3611 1566 3683 ita
1616 3608 1908 3699 habeat,
1945 3610 2153 3706 quasi
2208 3611 2299 3683 ab
2350 3610 2518 3684 idea
2563 3612 2725 3707 ipsa

639 3722 748 3795 rei
789 3723 1174 3816 (converso
1210 3723 1433 3795 verbo
1472 3733 1627 3813 ἔχειν
1661 3722 1736 3794 in
1773 3746 2046 3795 nomen
2080 3736 2293 3813 σχέσις,
2333 3748 2463 3797 seu
2496 3726 2722 3797 verbo

640 3832 913 3909 habere
947 3836 1026 3909 in
1060 3859 1329 3908 nomen
1364 3834 1755 3928 habitudo)
1796 3835 2142 3909 formavit
2188 3838 2496 3911 rationis
2546 3838 2723 3911 defi-

640 3948 996 4023 nitionem
1030 3949 1230 4022 illam
1265 3948 1613 4037 sterilem,
1636 3948 1838 4021 ratio
1858 3957 1971 4021 est
2005 3949 2318 4026 duarum
2350 3952 2722 4049 magnitu-

642 4060 888 4136 dinum
914 4061 1237 4158 ejusdem
1250 4061 1563 4159 generis
1591 4062 1980 4135 secundum
2017 4064 2502 4159 quantitatem
2525 4063 2722 4137 habi-

645 4175 818 4248 tudo
844 4176 1199 4272 quoedam:
1230 4199 1492 4248 sonum
1511 4177 1907 4249 verborum
1929 4189 2220 4250 secutus
2240 4202 2375 4274 pro
2397 4177 2566 4251 idea
2588 4178 2722 4250 rei.

743 4291 1159 4387 Antequam
1218 4290 1582 4363 rationem
1638 4289 2009 4381 definiam,
2067 4293 2558 4365 necessarium
2614 4301 2726 4364 est

1149 4477 1182 4508 ¹*
1226 4475 1324 4536 Sic
1351 4476 1490 4534 edit.
1526 4478 1698 4534 1668.
1760 4475 1969 4547 Quaere
1996 4475 2224 4535 deberi?
