3094 5125
535 435 682 502 280
1175 449 1283 499 nn
1324 448 1665 501 NATURA
1702 449 1975 501 Annis.

533 617 891 713 majorem
925 638 1286 712 occupare
1318 614 1566 688 locum
1602 615 1803 689 dicas
1838 637 2057 713 quam
2086 637 2279 711 aqua
2306 614 2484 704 sola,
2521 614 2629 687 nil

535 729 801 813 mirum
826 728 1030 802 dicis.

635 841 730 915 B.
785 841 993 930 Dico,
1058 863 1325 936 aquam
1386 839 1696 913 eandem
1763 863 2074 913 numero
2146 839 2223 912 in
2292 838 2627 936 cylindro

536 956 770 1030 vitreo
805 953 1026 1027 altius
1062 952 1475 1027 ascendisse
1512 953 1976 1051 congelatam
2014 977 2233 1048 quam
2268 976 2418 1025 non
2453 975 2631 1025 con-

535 1069 883 1165 gelatam.

638 1182 736 1255 A.
789 1178 1156 1275 Intelligo.
1222 1179 1308 1252 In
1334 1203 1558 1252 causa
1591 1190 1751 1253 erat
1787 1179 1986 1275 quod
2021 1203 2213 1275 aqua
2240 1177 2629 1274 congelata

536 1295 767 1367 levior
793 1307 928 1382 est,
958 1316 1178 1389 quam
1204 1316 1353 1364 non
1377 1292 1784 1387 congelata.
1840 1294 2134 1366 Norunt
2157 1292 2352 1365 enim
2375 1313 2629 1364 omnes

537 1408 847 1504 glaciem
885 1416 1264 1479 natantem
1290 1417 1505 1500 parte,
1538 1406 1651 1479 sui
1700 1406 1969 1502 aliqua,
2007 1417 2218 1479 extra
2250 1429 2515 1502 aquam
2548 1404 2628 1478 in

540 1545 688 1618 qua
739 1531 971 1608 natat,
1023 1518 1366 1591 eminere.
1474 1518 1698 1594 Quod
1733 1531 1982 1592 autem
2016 1543 2327 1615 corpora
2378 1518 2629 1592 omnia

541 1659 706 1731 quae
760 1634 952 1707 mole
995 1631 1306 1728 aequalia
1339 1655 1529 1728 aqua
1562 1633 1904 1729 graviora
1963 1644 2157 1722 sunt,
2193 1632 2627 1717 subsidunt;

539 1762 619 1822 et
652 1771 816 1843 quae
852 1746 1151 1834 leviora,
1190 1746 1517 1820 eminent
1547 1777 1568 1831 ;
1604 1769 1767 1842 quae
1803 1757 2050 1819 autem
2086 1746 2352 1840 aequali
2384 1745 2629 1842 gravi-

538 1871 693 1935 tate
729 1870 924 1948 sunt,
962 1858 1067 1931 ita
1117 1871 1380 1932 natant
1430 1871 1515 1932 ut
1570 1882 1854 1932 summa
1903 1883 2156 1932 eorum
2207 1859 2630 1956 superficies

542 1971 904 2044 collocata
936 1972 1140 2044 sitin
1188 1972 1573 2069 superficie
1627 1996 1862 2068 aqnae,
1903 1972 2434 2046 demonstravit
2485 1974 2630 2045 Ar-

540 2084 932 2158 chimedeS.

641 2195 734 2269 B.
796 2196 909 2269 Ad
955 2196 1508 2292 generationem
1567 2220 1742 2293 ergo
1786 2196 2050 2293 glaciei
2096 2197 2626 2294 explicandam,

545 2309 1039 2383 necessarium
1099 2332 1256 2381 esse
1316 2308 1554 2394 video,
1608 2332 1757 2382 non
1803 2311 2023 2384 modo
2076 2311 2254 2407 quid
2299 2311 2397 2385 sit
2441 2312 2629 2385 scire

543 2423 739 2519 quod
776 2446 1045 2519 aquam
1080 2421 1260 2494 facit
1295 2422 1757 2519 congelatam
1791 2423 2138 2497 leviorem
2175 2449 2393 2520 quam
2453 2435 2630 2498 ante

541 2550 720 2627 erat,
785 2535 916 2609 sed
974 2534 1195 2608 etiam
1251 2533 1429 2629 quid
1483 2535 1578 2609 sit
1634 2536 1833 2632 quod
1889 2537 2197 2611 eandem
2257 2537 2436 2611 facit
2495 2539 2628 2611 du-

542 2651 835 2724 riorem.

641 2763 738 2835 A.
797 2760 1183 2835 Leviorem
1242 2759 1444 2851 facit,
1507 2762 1858 2859 quicquid
1924 2775 2270 2838 conatum
2330 2766 2489 2861 ejus
2535 2765 2631 2839 ad

542 2886 878 2949 centrum
914 2888 1131 2947 terrae
1167 2874 1453 2948 minuat
1488 2876 1642 2948 sive
1671 2876 2022 2973 impediat
2052 2909 2072 2963 ;
2109 2878 2185 2950 id
2218 2901 2395 2952 vero
2430 2878 2631 2952 aliud

543 3013 697 3062 esse
758 3011 907 3061 non
968 2999 1216 3084 potest
1268 2999 1539 3084 praeter
1597 3000 1883 3061 motum
1942 2990 2251 3086 alicujus
2303 2991 2625 3088 corporis

542 3101 841 3175 conatui
891 3102 1234 3175 deorsum
1289 3102 1734 3199 oppositum,
1774 3103 1835 3175 si
1873 3127 2021 3177 non
2080 3104 2624 3192 diametraliter,

542 3225 621 3287 at
655 3216 915 3289 saltem
951 3215 1295 3311 oblique3
1348 3215 1591 3311 idque,
1630 3215 1783 3288 sive
1835 3215 2109 3311 glacies
2164 3218 2296 3290 fiat
2345 3216 2419 3287 in
2456 3239 2626 3289 vase

540 3350 675 3423 per
732 3328 901 3401 nive
962 3328 1261 3400 mistum
1319 3328 1446 3419 sal,
1485 3328 1636 3400 sive
1697 3327 1772 3401 in
1825 3327 2003 3401 locis
2057 3329 2350 3426 apertiS,
2404 3338 2490 3401 ut
2548 3329 2628 3403 in

541 3464 817 3514 oceano
852 3441 1406 3538 septentrionali
1441 3441 1561 3513 vel
1597 3440 2078 3517 meridionali.
2185 3443 2328 3516 Sed
2364 3451 2438 3514 et
2492 3442 2627 3515 du-

539 3553 808 3626 riorem
843 3554 1022 3627 facit
1058 3565 1297 3626 motus
1324 3552 1588 3650 aliquis
1625 3554 2026 3650 oppositus,
2130 3556 2326 3629 Nam
2366 3556 2632 3629 durum

543 3666 853 3739 dicimus
889 3666 1068 3739 illud
1107 3677 1396 3739 tantum
1433 3690 1725 3763 corpuS,
1755 3667 1963 3763 cujus
1999 3681 2209 3763 parte
2237 3693 2385 3742 una
2433 3680 2635 3743 mota

538 3779 953 3853 necessario
991 3779 1186 3852 cedit
1221 3790 1460 3852 totum
1490 3808 1507 3851 ε
1547 3791 1632 3852 ut
1667 3779 1851 3877 lapis
1888 3780 2113 3854 durus
2142 3781 2438 3869 dicitur,
2462 3782 2634 3880 quia

539 3894 599 3968 si
636 3919 858 3967 unam
894 3895 1048 3989 ejus
1082 3903 1369 3988 partem
1403 3916 1717 3990 premas,
1771 3905 1971 3967 totus
2007 3896 2242 3984 cedet,
2279 3906 2409 3993 aut
2462 3919 2633 3990 pars

539 4031 798 4103 pressa
833 4030 984 4079 non
1022 4006 1258 4095 cedet,
1297 4006 1554 4079 saltem
1587 4007 2052 4081 sensibiliter.
2159 4008 2368 4081 Unus
2405 4008 2634 4104 igitur

544 4134 787 4194 motus
838 4132 997 4193 tum
1050 4118 1424 4192 levitatem
1483 4119 1775 4215 glaciei,
1834 4133 1995 4193 tum
2054 4120 2424 4211 duritiem,
2481 4122 2634 4195 sive

543 4233 1095 4308 consistentiam
1181 4232 1526 4330 partium,
1601 4233 1888 4307 efficere
1968 4244 2237 4331 potest.
2377 4235 2634 4309 Motus
