3094 5125
1079 512 1758 566 cacum-mann.
2307 496 2453 566 409

378 686 609 750 tatem
663 687 793 750 aut
846 674 1159 750 duarum
1212 689 1579 752 rectarum
1640 677 2089 752 distantiam.
2194 677 2454 775 Neque

376 789 675 863 omnino
730 790 1071 887 possibile
1125 803 1239 865 est
1291 791 1530 865 ideam
1582 793 1853 865 habere
1905 791 2117 865 lineae
2166 790 2455 864 infinite

374 902 775 1000 productae.
880 905 1237 992 Fortasse,
1275 929 1366 977 ex
1400 929 1487 978 eo
1530 905 1726 1002 quod
1774 906 1851 978 in
1910 917 2250 978 neutram
2285 928 2454 1001 par-

375 1030 526 1089 tem
572 1017 1013 1105 coincidant,
1052 1016 1535 1092 demonstrari
1582 1029 1831 1116 potest
1879 1018 2076 1115 quod
2121 1031 2296 1091 sunt
2323 1042 2455 1114 pa-

375 1130 664 1218 rallelae,
700 1131 850 1203 sive
884 1131 1080 1259 quod
1137 1131 1408 1226 ubique
1453 1156 1655 1229 aeque
1692 1132 1992 1221 distant,
2030 1131 2159 1205 sed
2188 1155 2278 1204 ex
2311 1131 2458 1206 alia

373 1243 882 1339 parallelarum
917 1245 1068 1317 sive
1101 1244 1717 1341 aequidistantium
1755 1245 2201 1319 definitione.

475 1356 759 1429 Deinde
793 1381 925 1453 per
960 1359 1189 1431 bonas
1216 1357 1677 1431 definitiones
1700 1358 2187 1433 demonstrari
2215 1359 2457 1433 solent

375 1480 449 1541 et
510 1468 782 1542 debent
834 1470 1337 1544 conclusiones
1378 1472 1677 1566 primae:
1730 1472 1869 1545 hac
1903 1497 2078 1547 vero
2113 1473 2456 1547 Euclides

373 1606 735 1679 nusquam
768 1582 1024 1656 utitur.

475 1695 828 1768 Definitio
867 1694 1178 1793 denique
1232 1720 1468 1794 neque
1522 1696 2106 1771 demonstrabilis
2143 1711 2278 1786 est,
2315 1722 2455 1773 nec

376 1831 531 1881 esse
593 1808 854 1881 debet:
908 1833 1074 1882 cum
1127 1810 1225 1882 sit
1277 1809 1924 1883 demonstrationis
1986 1810 2450 1907 principium.

477 1923 691 1995 Hanc
726 1935 971 1996 autem
998 1923 1515 1997 demonstrabo
1550 1948 1597 1995 a
1630 1923 2056 1996 definitione
2091 1924 2234 1996 alia
2267 1925 2452 1997 hac:

377 2034 792 2108 Parallelae
857 2046 1081 2109 rectoe
1147 2046 1337 2125 sunt,
1409 2035 1486 2109 in
1557 2061 1859 2132 quarum
1927 2062 2072 2109 una
2138 2039 2455 2134 sumptis

374 2147 653 2221 duobus
673 2149 981 2244 punctis
1015 2148 1122 2221 ad
1149 2148 1618 2245 quodcunque
1654 2149 2143 2240 intervallum,
2172 2150 2267 2222 ab
2296 2149 2456 2223 illis

359 2262 671 2359 punctis
734 2262 897 2335 ἅμα»
954 2271 1168 2334 rectoe
1196 2261 1588 2358 facientes
1623 2287 1779 2335 eum
1818 2262 1990 2360 ipsa
2026 2263 2133 2336 ad
2158 2263 2457 2337 easdem

359 2387 638 2472 partes
697 2376 1015 2475 angulos
1071 2375 1409 2473 ‹equale-9,
1462 2375 1699 2449 ductoe
1747 2376 1856 2449 ad
1903 2375 2248 2466 alteram,
2284 2386 2455 2449 sunt

373 2488 721 2587 (equales,
824 2490 937 2561 Ex
972 2513 1119 2587 qua
1171 2488 1596 2562 definitione
1649 2490 2061 2565 necessario
2098 2492 2453 2588 sequitur,

375 2602 554 2675 duas
610 2603 767 2675 illas
820 2615 1058 2677 rectas
1108 2603 1505 2700 productas
1539 2627 1917 2700 nunquam
1953 2628 2109 2678 esse
2144 2629 2456 2679 concur-

374 2738 620 2786 suras:
656 2727 741 2786 ut
766 2738 927 2810 quae
959 2717 1230 2813 ubique
1265 2719 1357 2790 ab
1392 2717 1791 2814 aequalibus
1826 2718 2049 2791 rectis
2080 2718 2457 2816 aequaliter

375 2827 744 2901 inclinatis
780 2827 1244 2903 distinentur.

473 2941 820 3015 Definitio
881 2966 1046 3016 mea
1100 2942 1263 3016 haec
1314 2943 1556 3017 ideam
1604 2944 2157 3040 aequidistantiae
2207 2944 2455 3018 animo

370 3056 777 3154 ingenerat,
813 3080 949 3129 nec
1000 3057 1092 3129 ab
1152 3057 1297 3129 alia
1346 3057 1591 3154 priore
1643 3057 2128 3133 demonstrari
2163 3071 2451 3155 potest:

368 3183 677 3267 possunt
712 3182 960 3243 autem
993 3170 1086 3243 ab
1139 3170 1265 3242 illa
1314 3169 1550 3243 multo
1609 3171 1902 3243 brevius
1966 3171 2455 3245 demonstrari

368 3282 880 3380 parallelarum
917 3295 1309 3367 rectarum,
1343 3281 1462 3354 vel
1497 3282 1719 3355 etiam
1745 3284 2258 3378 parallelorum
2294 3286 2455 3382 pla-

368 3421 636 3470 norum
690 3396 1198 3494 proprietateS,
1257 3420 1479 3492 quam
1533 3405 1664 3469 aut
1714 3397 1807 3469 ab
1869 3398 2175 3471 Euclide
2225 3411 2356 3472 aut
2405 3423 2455 3473 a

373 3509 626 3583 Clavio
664 3510 1284 3583 demonstrantur.

470 3623 710 3718 Atque
760 3623 915 3696 haec
967 3622 1165 3696 dicta
1220 3621 1587 3695 sufficiant
1632 3622 1723 3695 de
1767 3622 2317 3698 definitionibus
2353 3624 2450 3698 ad

369 3735 829 3808 Elementum
888 3736 1228 3832 primum,
1275 3759 1366 3807 ex
1419 3737 1683 3832 quibus
1741 3760 2183 3833 cognoscere
2237 3749 2448 3834 potes

370 3871 587 3943 quam
631 3848 817 3920 bene
856 3859 1015 3920 tum
1066 3848 1379 3938 ClaviuS‚
1422 3862 1581 3922 tum
1618 3850 1982 3938 EuclideS‚
2029 3865 2186 3924 tum
2223 3851 2449 3925 etiam

370 3983 626 4032 eorum
660 3972 1056 4035 sectatores
1086 3973 1424 4035 naturam
1449 3961 1985 4058 parallelarum‚
2007 3976 2137 4036 aut
2171 3963 2447 4060 anguli,

369 4086 500 4146 aut
532 4074 767 4163 lineae,
803 4086 932 4147 aut
962 4075 1218 4170 puncti
1253 4075 1793 4149 intellexerunt.
1870 4075 2265 4159 Videamus
2291 4078 2449 4173 jam

356 4187 787 4285 petitiones,
822 4199 1069 4260 utrum
1106 4212 1339 4285 aequae
1373 4212 1468 4261 an
1503 4187 1778 4285 iniquae
1813 4189 1982 4264 sint.

2545 701 2681 742 CAP.
2710 701 2797 741 IX.

2559 833 2625 877 De
2643 832 2800 890 figura.
