3094 5125
615 463 760 529 310
1164 477 1721 530 PnonLssMA'rA
1757 476 2144 529 ΡΗΥειοΑ.

290 668 425 708 cu.
447 668 487 709 1.
620 641 989 716 Quoniam
1075 644 1272 717 enim
1337 655 1557 719 terrae
1626 645 1795 718 axis
1852 668 1986 741 per
2052 666 2345 717 omnem
2410 653 2697 715 motum

227 735 538 853 ῃζηᾞ,
617 779 943 828 annuum
977 779 1264 853 semper
1289 769 1402 832 est
1428 758 1569 832 sibi
1603 759 1743 855 ipsi
1764 758 2179 855 paralleluS,
2206 756 2699 829 necessarium

618 881 730 943 est
787 869 919 943 tali
976 870 1466 966 parallelismo
1528 871 2053 961 conservando,
2112 881 2198 944 ut
2255 869 2409 967 poli
2456 880 2700 943 motus

617 982 834 1077 hujus
869 994 946 1055 et
982 994 1223 1056 motus
1255 985 1483 1058 annui
1525 985 1676 1057 sint
1722 985 1990 1059 iidem:
2045 994 2405 1081 quantum
2440 983 2703 1055 saltem

610 1094 944 1189 judicare
971 1119 1224 1171 sensus
1251 1109 1520 1195 potest.
1577 1098 1911 1172 Circulus
1940 1098 2135 1172 enim
2165 1120 2383 1194 quem
2409 1095 2704 1191 punctis

620 1209 895 1298 notavi,
918 1220 993 1283 et
1025 1210 1222 1284 intra
1244 1236 1461 1309 quem
1490 1212 1767 1285 moveri
1803 1224 2078 1285 terram
2113 1233 2475 1307 suppone,
2496 1232 2703 1304 mag-

621 1321 1031 1396 nitudinem
1065 1337 1408 1422 respectu
1446 1325 1619 1399 solis
1664 1326 1888 1399 habet
1934 1322 2475 1398 insensibilemz
2528 1347 2704 1395 nam

621 1458 955 1533 suppono
989 1437 1133 1511 hoc
1167 1462 1484 1536 quoque.

720 1548 817 1622 A.
855 1551 1011 1623 Etsi
1033 1551 1210 1625 satis
1229 1552 1635 1649 intelligam
1658 1575 1804 1649 quo
1824 1550 2043 1625 modo
2063 1551 2316 1647 gravia
2336 1550 2702 1640 deorsum,

621 1661 843 1759 idque
892 1664 1242 1738 velociter
1291 1665 1370 1739 in
1415 1666 1660 1739 medio
1719 1665 1885 1739 loco
1943 1666 2136 1738 inter
2190 1664 2402 1760 polos
2454 1676 2702 1736 motus

622 1776 862 1873 hujuS,
889 1776 967 1850 id
993 1790 1131 1868 est,
1159 1779 1295 1851 sub
1323 1778 1735 1875 eclipticam
1764 1778 2237 1873 dejiciantur:
2274 1800 2426 1850 non
2454 1788 2705 1848 tamen

624 1889 801 1963 satis
829 1890 1062 1987 capi0,
1089 1892 1459 1988 quomodo
1492 1891 1690 1966 idem
1725 1893 1886 1965 fieri
1913 1891 2146 1987 possit
2179 1891 2316 1963 sub
2343 1889 2705 1987 eclipticae

623 2004 855 2099 polos.
979 2005 1328 2078 Dicturus
1396 2006 1592 2079 enim
1647 2017 1829 2102 puto
1896 2027 2046 2077 non
2106 2027 2206 2091 ee,
2267 2002 2465 2099 quod
2520 2002 2706 2099 lapis

624 2116 1008 2191 descendit
1073 2118 1397 2192 velocius
1465 2120 1662 2192 inter
1736 2118 2085 2214 tropicos,
2171 2139 2392 2212 quam
2474 2137 2706 2211 prope

623 2230 833 2327 polos
866 2229 1248 2325 eclipticae.

726 2344 827 2417 B.
880 2343 1052 2417 Non
1102 2344 1336 2417 multo
1382 2343 1680 2439 quidem
1734 2343 2083 2418 velociuS.
2187 2343 2402 2417 Potes
2456 2353 2704 2415 autem

626 2455 1253 2546 animadvertisse,
1323 2456 1520 2552 quod
1598 2456 1810 2529 flocci
1893 2456 2082 2529 nivis
2149 2481 2296 2552 quo
2366 2454 2708 2552 proprius

623 2569 1001 2642 acceditur
1059 2569 1154 2643 ad
1222 2569 1453 2665 poIOS‚
1522 2592 1610 2642 eo
1680 2571 1993 2666 majores
2061 2582 2282 2643 sunt:
2359 2569 2439 2643 id
2508 2568 2708 2665 quod

625 2682 913 2778 signum
981 2705 1132 2754 non
1197 2681 1579 2754 minimum
1637 2695 1772 2771 est,
1844 2682 2042 2780 quod
2111 2683 2387 2757 cadunt
2444 2706 2491 2755 a
2542 2683 2707 2756 loco

627 2796 1048 2870 sublimiore
1083 2796 1278 2892 apud
1312 2820 1446 2869 nos
1481 2820 1702 2893 quam
1734 2796 1807 2869 in
1853 2798 2186 2893 partibus
2219 2797 2392 2894 polo
2427 2795 2709 2869 arctico

627 2909 1322 3008 propinquioribus;
1397 2921 1473 2983 et
1527 2911 1623 2983 ob
1682 2934 1844 2983 eam
1907 2935 2199 2984 causam
2251 2912 2330 2983 in
2388 2909 2707 2983 minores

627 3035 876 3119 partes
936 3022 1266 3096 cadendo
1321 3021 1777 3110 dividuntur,
1837 3046 2041 3095 more
2110 3046 2323 3118 aquae
2389 3023 2484 3095 ab
2553 3022 2709 3094 alta

629 3159 810 3233 rupe
845 3135 1546 3234 perpendiculariter
1594 3135 2023 3209 decidentis.
2130 3136 2279 3210 Sed
2335 3147 2710 3231 utcunque

628 3248 709 3321 id
762 3250 880 3337 sit,
940 3249 1189 3324 videre
1219 3260 1454 3345 'potes
1510 3272 1602 3321 ex
1661 3248 1821 3345 ipsa
1870 3250 2128 3345 figura,
2199 3247 2397 3345 quod
2463 3259 2709 3321 motus

629 3362 886 3458 reJecti
920 3364 1108 3436 aeris
1147 3362 1224 3435 in
1259 3363 1320 3434 E
1357 3374 1431 3435 et
1464 3362 1521 3434 F
1566 3385 1716 3435 non
1749 3371 1861 3434 est
1894 3362 1990 3435 ad
2023 3373 2298 3436 terram
2322 3360 2712 3459 perpendi-

631 3475 917 3565 cularis,
954 3474 1085 3548 sed
1130 3475 1369 3548 tendit
1401 3474 1669 3571 partim
1700 3475 1997 3571 quidem
2031 3475 2108 3547 in
2149 3475 2404 3565 altum,
2440 3474 2712 3571 partim

631 3612 806 3662 vero
857 3612 1106 3662 versus
1151 3588 1407 3684 polos:
1463 3600 1539 3661 et
1593 3600 1988 3685 propterea
2040 3588 2266 3661 etiam
2322 3588 2456 3661 sub
2513 3588 2711 3683 ipsos

631 3702 840 3800 polos
874 3725 1024 3775 non
1058 3702 1294 3775 multo
1330 3701 1613 3774 tardius
1665 3714 1997 3775 movetur
2045 3726 2264 3798 quam
2317 3701 2514 3775 inter
2557 3713 2713 3774 tro-

629 3817 856 3914 picos.
960 3815 1345 3904 Praeterea,
1381 3827 1667 3888 motum
1701 3814 1897 3888 hunc
1934 3838 2269 3912 suppono
2303 3839 2455 3889 non
2491 3813 2711 3887 modo

631 3932 710 4004 in
760 3943 981 4018 terra,
1039 3928 1169 4002 sed
1224 3928 1446 4002 etiam
1502 3928 1581 4000 in
1642 3928 1816 4016 sole,
1879 3940 1955 4002 et
2010 3928 2210 4019 luna,
2273 3939 2348 4002 et
2411 3927 2713 4022 reliquis

633 4043 859 4118 stellis
894 4054 1047 4116 tam
1083 4042 1246 4116 fixis
1277 4066 1498 4138 quam
1533 4042 1989 4117 errantibus:
2038 4067 2352 4140 quorum
2376 4054 2713 4116 motuum

634 4157 1188 4253 compositione,
1243 4167 1484 4228 motus
1545 4156 1735 4229 aeris
1770 4180 1816 4229 a
1863 4155 2107 4229 medio
2164 4155 2419 4230 mundi
2461 4174 2713 4227 versus

632 4270 842 4367 polos
875 4270 1124 4366 augeri
1158 4268 1615 4364 aliquantum
1650 4292 1947 4344 necesse
1983 4281 2116 4344 est.

733 4384 832 4456 A.
885 4383 1293 4457 Verisimile
1342 4393 1475 4458 est.
