3094 5125
1051 501 1159 552 DE
1199 501 1538 553 NATURA
1578 500 1853 552 Anam.
2335 483 2483 563 247

408 689 493 736 ea
523 673 792 737 natura
822 664 1171 760 praeditiS,
1208 677 1292 739 ut
1324 665 1651 763 pondere
1693 664 2181 743 incumbentis
2215 675 2486 741 atmos-

408 777 676 871 phaerae
711 801 1150 873 compressae
1185 790 1546 852 conentur
1576 789 1933 875 quantum
1965 790 2277 875 possunt
2311 805 2490 854 con-

409 890 827 965 tranitendo
866 893 1303 989 simulatque
1339 891 1775 989 corpuscula
1816 892 1944 965 illa
1992 905 2487 982 removentur,

407 1004 523 1076 vel
568 1029 1003 1101 quacunque
1050 1006 1140 1078 de
1182 1030 1402 1080 causa
1449 1007 1748 1096 cedunt,
1801 1029 1959 1080 sese
2019 1031 2065 1080 a
2118 1031 2489 1105 compres-

411 1117 612 1191 sione
648 1118 979 1192 liberare.
1085 1119 1546 1216 Intelligetur
1597 1131 1844 1192 autem
1879 1120 2139 1193 melius
2175 1120 2252 1193 id
2288 1121 2489 1217 quod

411 1228 741 1321 dicimuS,
812 1233 874 1305 si
942 1233 1310 1328 concipias
1371 1257 1617 1306 aerem
1683 1234 1879 1306 hunc
1931 1257 2161 1329 prope
2215 1245 2488 1307 terram

412 1345 614 1440 quasi
649 1345 1023 1419 cumulum
1058 1371 1212 1420 esse
1248 1347 1869 1443 corpusculorum,
1922 1371 2087 1443 quae
2132 1347 2277 1420 alia
2325 1347 2487 1421 aliis

411 1458 949 1552 supet-jacentia
983 1459 1227 1533 lanam
1273 1460 1626 1548 referunt,
1685 1462 1891 1555 cujus
1951 1460 2082 1555 pili
2136 1460 2358 1533 exiles
2413 1470 2490 1534 et

412 1569 763 1643 flexibiles
797 1572 1023 1645 veluti
1059 1574 1372 1647 totidem
1407 1574 1676 1647 clastra
1713 1584 1871 1646 tum
1916 1573 2130 1646 facile
2177 1574 2379 1646 flecti
2412 1585 2490 1647 et

414 1683 747 1756 convolvi
806 1698 1139 1779 possunt,
1199 1697 1358 1759 tum
1414 1687 1634 1759 etiam
1695 1697 2053 1782 perpetuo
2127 1697 2490 1760 conantur

413 1818 569 1868 sese
603 1796 996 1870 extendere
1033 1810 1107 1872 et
1140 1799 1551 1871 restituere.
1654 1798 1903 1871 Veluti
1951 1799 2012 1870 si
2052 1798 2211 1893 quis
2245 1799 2492 1872 lanam

416 1931 635 1980 manu
721 1910 1191 2007 undiquaque
1286 1911 1825 2007 comprimeret,
1915 1912 2489 2009 unumquodque

413 2031 659 2094 tamen
692 2022 895 2096 filum
948 2026 1105 2119 ejus
1137 2023 1470 2120 potentia
1504 2023 1655 2095 sive
1701 2022 2063 2119 principio
2097 2023 2491 2118 praeditum

416 2144 527 2206 est
560 2134 671 2206 sui
718 2124 1124 2226 dilatativo,
1160 2139 1368 2232 cujus
1399 2137 1696 2225 virtute,
1731 2136 1976 2208 laxata
2020 2160 2266 2226 manu,
2321 2137 2492 2209 lana

416 2258 818 2342 spontaneo
870 2261 1077 2323 motu
1130 2273 1208 2323 se
1261 2249 1617 2322 distendit
1669 2260 1744 2322 et
1794 2249 2141 2322 restituit.
2245 2251 2490 2345 Atque

416 2383 546 2454 per
578 2362 899 2456 partium
935 2363 1123 2435 aeris
1160 2363 1308 2435 vim
1352 2364 1543 2436 hanc
1580 2361 1975 2451 elasticam,
2011 2362 2492 2457 plurimorum

417 2474 612 2545 circa
644 2498 957 2547 vacuum
994 2488 1069 2549 et
1114 2488 1458 2549 naturam
1512 2476 1702 2548 aeris
1753 2476 2299 2573 phaenomenwn
2342 2501 2494 2551 non

418 2599 531 2659 est
557 2586 870 2661 difficilis
906 2589 1318 2685 explicatio.
1420 2590 1637 2663 Alter
1670 2589 1930 2664 modus
1966 2602 2196 2663 est—

515 2699 605 2773 A.
658 2702 1062 2775 Differatur
1095 2704 1472 2799 paululum
1505 2704 1627 2776 ille
1656 2704 1843 2776 alter
1868 2704 2149 2778 moduS.
2206 2706 2498 2779 Interea

418 2838 663 2914 quaero
698 2840 744 2889 a
778 2827 877 2905 te,
913 2839 1158 2889 nonne
1193 2817 1427 2890 omnis
1462 2817 1950 2913 hypotheseos
1997 2818 2116 2890 lex
2164 2819 2324 2892 haec
2360 2830 2494 2909 est,

417 2941 502 3001 ut
538 2952 698 3024 quae
731 2939 1241 3024 supponuntur
1267 2929 1515 3002 omnia
1540 2929 1858 3002 debeant
1880 2953 2034 3002 esse
2070 2954 2203 3003 sua
2230 2944 2497 3005 natura

415 3040 810 3139 possibilia,
863 3040 942 3112 id
988 3052 1119 3130 est,
1170 3040 1646 3138 cogitabilia?

522 3154 619 3226 B.
674 3153 1015 3227 Omnino.
1121 3155 1217 3227 Et
1274 3177 1435 3250 quae
1489 3154 1613 3226 hic
1668 3155 2102 3249 supponitur
2158 3154 2293 3244 vis,
2350 3177 2499 3250 qua

418 3290 670 3362 pressa
704 3290 782 3339 se
821 3268 1244 3358 restituunt,
1277 3267 1491 3340 facile
1545 3266 1842 3363 quidem
1895 3291 2062 3339 cum
2115 3266 2194 3339 in
2246 3267 2498 3340 multis

418 3381 637 3454 rebus
674 3380 1021 3476 conspici,
1048 3391 1204 3453 tum
1239 3381 1317 3454 in
1350 3404 1517 3454 aere
1553 3380 1841 3476 concipi
1863 3378 2205 3452 facillime
2229 3390 2499 3476 potest.

524 3495 621 3567 A.
679 3493 844 3567 Hoc
881 3493 1174 3590 quidem
1208 3518 1459 3567 verum
1496 3505 1630 3568 est.
1707 3495 1899 3567 Nam
1926 3494 2257 3567 videmus
2291 3494 2498 3566 lami-

423 3631 592 3680 nam
628 3607 1055 3703 chalybeam
1087 3608 1372 3682 balistae
1416 3621 1670 3696 tensae,
1715 3631 1849 3704 per
1898 3608 2047 3680 vim
2096 3607 2298 3680 illam
2345 3608 2498 3680 sive

419 3721 863 3817 principium
902 3721 1411 3808 restitutioni8‚
1447 3720 1663 3794 simul
1696 3745 1782 3793 ac
1817 3720 2184 3794 sublatum
2222 3732 2335 3794 est
2369 3721 2499 3794 im-

418 3834 946 3930 pedimentum,
969 3836 1424 3909 velocissimo
1451 3847 1661 3908 motu
1684 3834 1923 3908 redire
1952 3833 2045 3908 ad
2074 3845 2499 3908 consuetam

419 3947 959 4021 rectitudinem.
1070 3948 1386 4022 Credere
1419 3960 1669 4022 tamen
1711 3971 1860 4021 non
1913 3971 2213 4044 possum
2268 3947 2501 4043 philo-

422 4066 732 4160 sophum
778 4065 1001 4139 fuisse
1048 4066 1278 4155 illum,
1337 4067 1462 4163 qui
1521 4065 1828 4154 balistae,
1889 4076 2019 4137 aut
2076 4087 2312 4154 arcuS,
2369 4076 2500 4138 aut

423 4180 921 4274 cujuscunque
972 4180 1327 4252 machinae
1376 4179 1719 4267 elasticae,
1757 4179 2340 4274 experimentum
2374 4202 2498 4250 ex-

420 4291 660 4365 hibuit
691 4293 991 4389 primuS.
1071 4293 1494 4389 Philosophi
1529 4303 1639 4365 est
1674 4292 1927 4365 talium
1964 4313 2209 4362 rerum
2243 4314 2500 4364 causas

422 4405 537 4477 vel
581 4428 813 4495 veraS,
848 4405 965 4478 vel
1020 4405 1276 4479 saltem
1339 4405 1751 4501 probabiles
1802 4403 2149 4477 invenire.
2256 4405 2499 4480 Quam
