3094 5125
869 503 1499 555 MATHEMArtcAE
1542 504 2026 556 nonmRNAE.
2351 491 2485 555 169

516 669 891 766 Capitibus
953 672 1053 745 xii
1102 684 1178 744 et
1229 672 1355 744 xiii
1418 681 1875 767 argumenta,
1940 694 2106 766 quae
2162 668 2485 759 adducit,
2560 696 2864 737 nameus

415 783 594 855 nihil
653 785 962 879 amplius
1015 786 1330 882 probant
1365 809 1583 880 quam
1618 783 1813 880 quod
1847 784 2156 879 angulus
2192 795 2488 857 contae-
2569 846 2579 862 ,
2690 778 2747 817 v.
2841 846 2853 859 .

413 910 530 969 tus
556 897 803 992 anguli
825 898 1179 970 rectilinei
1202 922 1348 970 non
1373 909 1482 969 est
1504 921 1716 993 pars:
1753 897 1949 992 quod
1974 921 2122 970 non
2152 911 2487 993 negatur.

517 1011 773 1105 Capite
807 1012 952 1098 xiv,
998 1023 1432 1107 argumenta
1466 1011 1784 1107 explicat
1820 1010 2204 1107 desumpta
2238 1034 2326 1083 ex
2363 1035 2492 1106 op·

417 1124 565 1195 tica
597 1124 1032 1213 Vitellionis‚
1074 1126 1189 1218 (ut
1234 1148 1326 1196 ne
1381 1124 1599 1218 hujus
1654 1122 1950 1218 quidem
2010 1122 2492 1219 philosophiae

415 1237 644 1330 partis
705 1237 1001 1333 ignarus
1061 1262 1215 1310 esse
1265 1237 1711 1332 videretur):
1783 1236 1912 1308 sed
1971 1235 2063 1308 ab
2115 1235 2257 1308 illis
2308 1236 2492 1308 nihil

414 1349 612 1421 aliud
667 1349 980 1422 derivari
1040 1361 1306 1446 potest,
1367 1363 1861 1446 praeterquam
1923 1346 2121 1444 quod
2181 1349 2493 1445 angulus

416 1472 795 1534 contactus
829 1463 1101 1559 angulo
1136 1463 1515 1535 rectilineo
1553 1462 1734 1534 nihil
1769 1462 2000 1535 addit.
2088 1462 2308 1536 Quod
2337 1463 2490 1558 qui-

415 1574 582 1646 dem
614 1575 772 1647 fieri
806 1586 1069 1671 potest,
1101 1599 1191 1648 ex
1225 1599 1311 1648 eo
1348 1575 1546 1671 quod
1594 1574 1991 1671 quantitati
2048 1572 2231 1646 nihil
2285 1574 2494 1649 addit

413 1711 557 1764 non
622 1687 839 1761 modo
910 1689 1277 1784 quantitas
1339 1688 1563 1777 nulla,
1635 1688 1762 1760 sed
1831 1688 2050 1768 etiam
2119 1688 2492 1784 quantitas

412 1801 923 1897 heterogenea.

514 1916 911 2003 Postremo,
960 1913 1198 2010 capite
1232 1939 1351 2002 XV,
1406 1912 1805 2010 respondet
1859 1913 1952 1986 ad
2008 1912 2238 1985 Clavii
2294 1937 2488 2008 quae-

417 2027 582 2102 dam
647 2027 1052 2100 corollaria.
1158 2027 1491 2101 Quorum
1550 2050 1780 2099 unum
1827 2037 1959 2114 est,
2010 2025 2204 2120 quod
2244 2035 2493 2122 potest

416 2140 668 2237 aliqua
727 2140 1110 2237 quantitas
1167 2139 1503 2212 continue
1564 2149 1637 2212 et
1708 2138 1992 2232 infinite
2059 2138 2351 2236 augeri,
2419 2148 2493 2211 et

417 2263 655 2326 tumen
744 2262 1206 2350 augmentum
1286 2250 1492 2325 illius
1572 2261 2192 2350 quantumcunque
2257 2251 2490 2323 miuus

413 2390 705 2464 semper
757 2366 903 2437 erit
957 2366 1415 2439 decremento
1473 2365 1689 2461 hujus
1708 2393 1735 2437 .·
1788 2365 1986 2460 quod
2054 2362 2349 2459 quidem
2400 2388 2488 2437 eo

416 2504 631 2553 sensu
694 2502 910 2575 quem
974 2478 1116 2551 hoc
1170 2479 1330 2551 loco
1391 2479 1663 2552 habere
1740 2478 1982 2568 debet,
2045 2477 2321 2550 dictum
2375 2490 2489 2550 est

412 2594 624 2687 plane
660 2591 1080 2666 absurdum.
1158 2593 1515 2680 Alterum,
1544 2592 1858 2665 transiri
1877 2615 2107 2689 posse
2139 2616 2188 2664 a
2215 2591 2492 2664 minore

413 2705 521 2778 ad
547 2708 808 2801 majuS,
835 2705 956 2777 vel
983 2715 1267 2795 contra,
1299 2715 1375 2777 et
1391 2727 1545 2802 per
1590 2705 1830 2778 onmia
1865 2704 2108 2776 media
2134 2731 2164 2788 ,·
2217 2729 2346 2776 uec
2381 2713 2488 2777 ta·

414 2844 569 2891 meu
593 2844 746 2917 per
775 2817 1053 2915 oequale
1074 2848 1101 2891 .·
1138 2819 1337 2915 quod
1365 2833 1473 2891 est
1494 2818 2119 2891 absurdissimum.
2176 2817 2486 2891 Hiecine

412 2932 549 3004 fuit
606 2933 732 3029 qui
790 2933 974 3005 adeo
1020 2933 1332 3028 superbe
1385 2931 1866 3004 insultaverat
1897 2932 2048 3004 JOS.
2086 2930 2483 3027 Scaliger-0,

414 3046 607 3140 quod
669 3047 950 3119 dixerat
1012 3046 1262 3119 latera
1331 3055 1412 3119 12
1469 3044 1930 3142 dodecagom‘
1984 3046 2273 3139 majora
2326 3068 2489 3117 esse

401 3159 809 3255 perimetro
865 3160 1137 3232 circuli
1190 3159 1799 3256 circumscripti?
1904 3157 2126 3233 Quod
2188 3157 2484 3252 quidem

412 3271 806 3343 absurdum
843 3283 1023 3361 erat,
1062 3272 1189 3345 sed
1232 3296 1380 3345 non
1434 3285 1588 3343 tam
1626 3294 1843 3365 quam
1895 3280 2300 3343 monstrum
2343 3271 2486 3345 hoe

413 3384 664 3472 Clavii,
699 3398 1003 3481 propter
1038 3386 1236 3482 quod
1269 3384 1744 3481 geometriam
1787 3384 2019 3480 ipsam
2055 3408 2198 3456 non
2237 3385 2486 3479 magni

409 3497 735 3570 facerent
792 3498 1125 3570 homines
1185 3522 1334 3570 non
1388 3508 1807 3592 geometrae.
1913 3498 2015 3570 At
2075 3508 2283 3570 notat
2343 3499 2485 3571 hoc

411 3633 555 3682 non
595 3621 678 3681 ut
711 3610 1106 3683 absurdum
1140 3610 1532 3695 WallisiuS‚
1570 3611 1698 3682 sed
1732 3622 1815 3683 ut
1847 3610 2133 3683 falsum.

509 3722 606 3794 B.
661 3723 943 3812 Restat,
981 3723 1324 3819 quoniam
1373 3722 1643 3818 angulo
1694 3734 2075 3796 contactus
2119 3723 2485 3818 quantita-

409 3847 556 3907 tem
595 3835 880 3924 tribuiS,
920 3837 1049 3909 sed
1085 3837 1336 3933 anguli
1370 3836 1729 3909 rectilinei
1765 3837 2160 3932 quantitati
2194 3837 2485 3909 hetero-

409 3971 738 4041 geneam‚
775 3962 858 4023 ut
892 3949 1233 4023 ostendas
1261 3975 1482 4047 quare
1520 3951 1615 4023 sit
1647 3952 2137 4047 heterogenea
2166 3983 2185 4034 ;
2239 3963 2314 4023 et
2338 3975 2487 4046 qua

411 4084 750 4135 mensura
785 4066 1231 4159 quantitates
1284 4064 1596 4137 duorum
1631 4065 2065 4160 angulorum
2100 4076 2486 4137 contactus

409 4175 695 4268 possint
755 4177 1183 4249 mensurari.
1288 4176 1528 4249 Primo
1564 4187 1853 4265 autem,
1904 4176 2081 4270 quid
2143 4188 2252 4249 est
2303 4175 2488 4249 illud

410 4309 564 4358 esse
593 4288 1098 4385 homogeneum
1126 4295 1169 4363 2
1222 4291 1317 4363 Et
1338 4290 1511 4385 quid
1549 4303 1659 4364 est
1691 4314 1847 4363 esse
1873 4289 2487 4386 heterogeneum?

512 4400 606 4473 A.
665 4402 1149 4500 Homogeneoe
1201 4403 1648 4498 quantitates
1707 4415 1900 4492 sunt,
1939 4426 2246 4498 quarum
2284 4426 2485 4475 men·
