3094 5125
877 503 1508 557 MATHRMATICAE
1547 505 2034 558 HODOERNAE.
2407 490 2502 568 37

464 673 580 746 Α.
646 672 934 768 Neque
968 671 1434 769 syllogismus
1490 684 1626 761 est,
1663 673 1790 769 qui
1837 673 2148 747 vitiosus
2192 684 2329 764 est,
2372 698 2502 748 ne·
2579 705 2881 746 »umens

362 810 521 883 que
561 785 950 874 definitio,
985 810 1150 882 quae
1185 786 1474 859 vitiosa.
2710 787 2751 827 ¹·

485 900 596 973 B.
659 899 878 975 Quid
912 900 976 972 si
1009 900 1382 974 conclusio
1425 911 1800 996 sequatur,
1847 901 2004 975 sine
2047 900 2499 993 definitione,

382 1014 809 1087 axiomata.
888 1015 1009 1087 An
1042 1038 1192 1088 non
1225 1016 1368 1089 erit
1403 1014 1936 1089 demonstratio
1966 1016 1993 1089 ?

498 1128 604 1202 A.
665 1128 881 1211 Erit;
927 1127 1149 1201 modo
1177 1129 1550 1201 axiomata
1573 1128 1880 1202 illatum
1914 1130 2306 1203 manifesta
2329 1131 2500 1221 sint,

398 1253 565 1315 tum
603 1241 841 1315 etiam
876 1240 1386 1332 demonstrari,
1415 1243 1478 1314 si
1513 1244 1938 1339 imperetur,
1961 1245 2245 1340 possint
2273 1278 2293 1331 ;
2330 1270 2501 1342 qua-

401 1356 504 1428 lia
537 1365 724 1429 sunt
758 1354 1126 1429 axiomata
1160 1371 1456 1453 sumpta
1487 1358 1580 1429 ab
1616 1357 1943 1431 Euclide.

511 1469 615 1542 B.
676 1467 827 1542 Sed
859 1469 1019 1564 ipsa
1052 1468 1388 1564 definitio
1422 1470 1795 1566 quomodo
1832 1470 2203 1545 definitur.

514 1583 618 1656 A.
674 1581 1028 1654 Definitio
1063 1605 1310 1655 nonne
1344 1583 1754 1679 propositio
1789 1585 1957 1657 est?

518 1695 616 1767 B.
673 1696 830 1768 Est.

515 1809 618 1882 A.
676 1808 946 1880 Nonne
980 1807 1203 1880 etiam
1229 1819 1343 1882 est
1367 1808 1809 1904 explicativa
1836 1809 2154 1882 nominis
2178 1808 2502 1883 definiti?

516 1923 619 1995 B.
681 1922 950 1994 Etiam.

515 2037 615 2109 A.
674 2033 1070 2111 Quomodo
1126 2035 1536 2130 explicatur
1586 2059 1859 2109 nomen
1916 2034 2254 2130 quodviS,
2301 2035 2505 2107 verbi

413 2150 680 2246 gratia,
717 2172 989 2222 nomen
1023 2148 1230 2221 homo
1255 2153 1300 2223 ἓ

516 2262 617 2335 B.
676 2261 758 2335 Si
789 2273 1110 2358 ponatur
1156 2286 1300 2334 vox
1339 2260 1545 2333 homo
1597 2285 1735 2357 pro
1790 2262 2125 2357 subjecto
2177 2259 2511 2356 proposi-

414 2376 660 2465 tionis,
699 2374 967 2448 deinde
1001 2398 1136 2470 pro
1169 2375 1596 2472 praedicatO,
1645 2398 1916 2448 nomen
1972 2373 2174 2471 quod
2226 2373 2333 2457 fit,
2381 2397 2509 2469 ag-

414 2504 810 2588 gregatum
845 2499 958 2561 est
993 2488 1321 2561 omnium
1367 2488 1749 2562 nominum
1788 2489 2053 2586 quibus
2104 2487 2327 2560 homo
2364 2487 2511 2559 dis-

413 2603 783 2701 tinguitur
812 2626 858 2674 a
891 2602 1108 2674 rebus
1144 2602 1431 2675 caeteris
1468 2603 1831 2675 omnibuS.
1905 2600 2239 2697 Exempli
2268 2624 2511 2686 causa,

417 2715 904 2812 distinguitur
958 2715 1051 2787 ab
1111 2716 1451 2788 omnibus
1496 2714 2003 2790 accidentibus
2055 2737 2189 2811 per
2241 2739 2512 2787 nomen

418 2854 693 2929 corpus
716 2857 745 2914 ,·
798 2853 843 2901 a
868 2830 1152 2902 caeteris
1188 2830 1620 2926 corporibus
1652 2853 1787 2925 per
1821 2853 2093 2903 nomen
2126 2829 2456 2902 sentiens
2483 2855 2513 2911 ,-

416 2970 460 3018 a
494 2942 787 3016 caeteris
822 2941 1330 3032 sentientibuS,
1368 2942 1518 3016 sive
1560 2942 2020 3029 animalibus,
2066 2965 2200 3039 per
2245 2965 2513 3013 nomen

416 3055 813 3131 rationale.
945 3056 1205 3152 Itaque
1274 3057 1336 3129 si
1405 3056 1735 3130 dicamus
1794 3058 2016 3129 homo
2073 3066 2186 3129 est
2247 3079 2512 3152 corpus

414 3171 745 3245 sentiens
824 3168 1204 3259 rationale,
1280 3170 1424 3244 erit
1504 3171 1634 3244 illa
1700 3170 2110 3267 propositio
2181 3168 2514 3264 definitio

412 3284 762 3358 hominis
884 3283 1208 3357 Nomina
1252 3283 1473 3374 enim,
1512 3308 1677 3380 quae
1723 3283 1819 3357 ad
1858 3282 2279 3357 faciendum
2325 3305 2513 3378 prae-

415 3400 750 3473 dicatum
834 3408 1357 3493 aggregantur,
1444 3397 1886 3493 complicata
1968 3408 2143 3469 sunt
2211 3395 2287 3468 in
2366 3418 2518 3467 una

414 3510 916 3610 appellatione
948 3510 1075 3583 illa
1100 3510 1332 3600 homo,
1361 3510 1749 3607 ipsumque
1783 3509 2159 3582 hominem
2193 3509 2285 3580 ab
2314 3508 2515 3580 omni

415 3628 562 3700 alia
596 3649 677 3698 re
716 3623 1207 3720 distinguunt,
1243 3623 1322 3697 id
1356 3636 1493 3713 est,
1544 3624 1724 3721 quid
1759 3623 1856 3697 sit
1893 3622 2280 3695 definiunt.

514 3741 620 3814 Α.
676 3738 911 3811 Recte
973 3736 1179 3825 dicis,
1242 3761 1482 3834 neque
1551 3738 1948 3834 quicquam
2011 3734 2212 3809 aliud
2271 3733 2516 3807 fecisti

416 3866 912 3950 praeterquam
957 3851 1157 3947 quod
1190 3851 1552 3924 resolvisti
1595 3875 1853 3925 vocem
1887 3850 2094 3923 homo
2139 3850 2217 3922 in
2269 3859 2516 3946 partes

418 3992 606 4042 suas».
715 3965 1006 4038 Fuisset
1060 3976 1310 4037 autem
1370 3965 1544 4038 satis
1605 3964 1736 4053 illi,
1796 3964 1923 4060 qui
1977 3961 2517 4060 praedefinitum

416 4081 728 4154 haberet
756 4075 1056 4165 animal,
1077 4077 1430 4173 posuisse,
1453 4076 1659 4149 homo
1685 4087 1799 4150 est
1826 4074 2104 4148 animal
2123 4071 2515 4146 rationale.

415 4193 774 4268 Definitio
812 4213 992 4286 ergo
1030 4189 1484 4284 definitionis
1518 4201 1867 4262 accurata
1902 4189 2046 4261 erit
2077 4187 2280 4259 haec:
2336 4185 2516 4278 dff-

406 4311 595 4384 nitio
630 4316 755 4382 est
784 4304 1223 4402 propositio
1258 4304 1466 4399 cujus
1504 4304 2013 4402 praedicatum
2053 4307 2168 4372 est
2201 4296 2520 4392 subjecti

402 4422 925 4500 resolutivam.
