3094 5125
764 508 1388 561 MATHRMA‘rtcAE
1427 507 1914 560 Romanam.
2279 492 2365 558 81

284 675 472 748 inter
526 698 610 749 se
677 677 982 751 habent.
1086 677 1368 751 Octava
1407 675 1598 748 sicut
1646 684 1875 763 sexta,
1922 672 2379 747 demonstra·
2459 699 2754 741 manneus

282 788 437 860 bilis
471 800 618 861 est.
2459 781 2747 883 ,ἐζ-μ

371 902 470 973 Β.
528 900 941 977 Quomodo
974 901 1335 974 rationem
1372 901 1725 997 majorem
1760 898 2018 972 definis
2054 897 2192 971 tu?

375 1014 470 1087 Α.
528 1015 944 1088 Rationem
1006 1014 1298 1111 quidem
1366 1016 1741 1110 majorem,
1810 1013 2164 1086 rationem
2216 1036 2379 1085 esse

284 1124 440 1200 dico
498 1128 835 1223 majoris
900 1128 1407 1202 antecedentis
1474 1129 1587 1201 ad
1646 1128 1838 1201 idem
1905 1151 2373 1225 consequens,

284 1239 395 1312 vel
455 1241 801 1336 ejusdem
867 1241 1368 1315 antecedentis
1435 1242 1547 1314 ad
1609 1264 2049 1340 consequens
2114 1241 2372 1315 minus.

284 1351 680 1427 Rationem
735 1365 981 1429 autem
1037 1355 1382 1428 minorem
1432 1379 1598 1429 esse
1649 1356 2013 1429 rationem
2073 1353 2376 1427 minoris

289 1468 802 1559 antecedentis
848 1469 959 1542 ad
1010 1468 1204 1541 ide-m
1237 1493 1697 1566 consequen-3,
1731 1469 1849 1544 vel
1884 1467 2208 1565 ejusdem
2242 1493 2374 1542 an-
2488 1554 2492 1559 ,

291 1581 694 1655 tecedentis
730 1583 827 1656 ad
860 1606 1315 1679 consequens
1346 1584 1603 1679 majus.

393 1692 475 1767 B.
527 1696 932 1770 Accurate.

389 1809 453 1881 Α
463 1866 481 1883 .
533 1810 791 1899 Nona,
827 1811 1158 1885 definitio
1191 1835 1338 1885 non
1375 1820 1509 1902 est,
1546 1811 1676 1884 sed
1710 1811 2114 1908 propositio
2142 1810 2374 1906 gratis

296 1936 689 2021 assumpta,
726 1949 1014 2021 nempe,
1038 1925 1600 2024 proportionem
1648 1924 1725 1997 in
1766 1921 2004 1996 tribus
2041 1924 2376 1997 terminis

292 2036 772 2130 paucissimis
831 2038 1240 2111 consistere
1260 2065 1288 2121 ,·
1340 2062 1509 2111 cum
1569 2051 1816 2111 tamen
1868 2047 2209 2109 accurate
2268 2035 2375 2109 lo-

303 2150 603 2241 quend0,
645 2152 1003 2226 consistat
1047 2153 1142 2226 in,
1179 2163 1492 2248 quatuor
1535 2149 2012 2248 paucissimis.
2117 2149 2376 2222 Omnis

304 2262 483 2335 enim
516 2266 717 2339 ratio
743 2266 1084 2339 consistit
1109 2267 1187 2339 in
1215 2266 1497 2340 duobus
1532 2264 1866 2339 terminis
1890 2262 2372 2359 paucissimiS,

306 2386 375 2445 et
402 2379 637 2451 omnis
664 2379 1044 2475 proportio
1067 2380 1144 2451 in
1165 2378 1446 2452 duabus
1464 2377 1920 2474 paucissimis
1940 2376 2369 2450 rationibus

310 2485 611 2565 Quando
640 2514 821 2566 vero
858 2491 1022 2566 duae
1058 2492 1503 2589 quantitates
1538 2491 1798 2565 mediae
1832 2490 2148 2588 aequales
2184 2490 2373 2565 inter

311 2621 380 2671 se
434 2618 625 2695 sunt,
712 2606 791 2679 id
850 2631 1002 2681 non
1062 2629 1445 2680 numerum
1532 2606 1799 2679 minuit
1871 2605 2375 2679 terminorum.

308 2711 661 2792 Elementi
723 2719 941 2816 hujus
997 2720 1234 2816 quinti
1290 2719 1753 2793 definitiones
1788 2719 2044 2792 decem
2076 2719 2377 2815 reliquae

310 2844 659 2906 accuratae
696 2846 892 2907 sunt.

399 2940 492 3014 B.
543 2944 1036 3019 Transeamus
1104 2970 1281 3043 ergo
1343 2946 1435 3020 ad
1492 2947 1958 3021 definitiones
2017 2947 2379 3020 Elementi

312 3055 504 3129 sexti.

403 3169 496 3241 A.
548 3170 744 3245 Sunt
767 3171 935 3263 illae,
974 3187 1284 3270 excepta
1324 3173 1603 3270 quinta,
1641 3198 1805 3271 quae
1840 3184 1914 3247 et
1950 3173 2207 3246 ultima
2241 3186 2375 3262 est,

314 3300 547 3358 omnes
580 3298 971 3360 accuratae.
1076 3286 1269 3360 Nam
1303 3287 1430 3361 illa
1463 3288 1743 3383 quinta,
1771 3311 1940 3360 cum
1965 3295 2042 3359 et
2072 3286 2378 3360 demon-

318 3396 514 3469 strati
547 3399 784 3495 possit
818 3412 895 3473 et
922 3399 1546 3475 demonstratione
1583 3401 1935 3498 indigeat,
1971 3425 2210 3497 neque
2242 3425 2377 3498 pro

318 3501 751 3602 definitione,
815 3537 1052 3609 neque
1119 3537 1254 3610 pro
1313 3515 1674 3611 principio
1734 3515 2378 3589 demonstrationis

318 3614 551 3697 haberi
588 3624 831 3700 debet.
917 3627 1049 3701 Est
1085 3638 1333 3701 autem
1366 3627 1570 3714 haec;
1607 3629 1809 3701 ratio
1835 3653 1931 3702 ea·
1963 3630 2378 3703 rationibus

322 3738 636 3833 componi
671 3737 974 3828 dieitur,
1003 3763 1161 3812 cum
1189 3739 1558 3814 rationum
1595 3741 2047 3837 quantitates
2077 3742 2270 3816 inter
2295 3768 2379 3816 se

321 3843 624 3943 aliquam
655 3852 1039 3948 effecerint
1069 3853 1450 3928 rationem.

409 3961 501 4035 B.
554 3964 1027 4053 Demonstra‚
1122 3966 1467 4061 quoniam
1560 3966 2127 4041 demonstrabile
2220 3992 2378 4041 esse

326 4067 573 4167 dixisti,
625 4101 715 4150 ex
761 4079 1366 4174 multiplicatione
1415 4079 1611 4152 inter
1661 4104 1739 4153 se
1783 4080 2377 4154 antecedentium

329 4180 614 4264 duarum
667 4192 1059 4282 rationum,
1090 4203 1186 4272 ,et
1231 4216 1322 4265 ex
1373 4192 1983 4290 multiplicatione
2053 4193 2245 4265 inter
2297 4215 2376 4264 se

328 4304 935 4400 consequentium,
996 4305 1306 4380 existere
1365 4306 1689 4403 ipsarum
1737 4306 2106 4380 rationum
2158 4305 2375 4379 unius

328 4408 412 4482 ad
441 4415 744 4490 alteram
777 4416 1249 4493 additionem.

503 4551 693 4606 von.
726 4551 840 4603 lv.
2130 4552 2181 4604 G
