3094 5125
909 525 1273 580 cunm-lo
1314 524 1703 594 SPHAERAE,
1743 522 1921 577 mc.
2312 506 2456 585 517

374 702 523 765 tem
553 714 710 765 esse
731 714 944 765 arcus
966 700 1063 767 30
1083 690 1445 787 graduum
1471 690 1550 764 iu
1577 690 1939 787 quadrato
1966 689 2335 786 descripto
2361 688 2463 762 la·
2490 720 2573 761 An
2603 718 2772 758 PRoP.
2801 716 2887 756 xx.

374 806 653 878 teribus
679 805 1316 902 aequidistantibus
1350 830 1403 877 a
1429 805 1785 879 lateribus
1812 804 2151 902 quadrati
2177 803 2463 877 ABGC.
2544 786 2830 822 *β

380 919 628 993 Quare
662 944 706 992 a
738 934 1016 1015 puncto
1046 943 1444 993 concursus
1477 932 1850 993 rectarum
1872 920 1980 992 Br
2000 930 2077 991 et
2099 918 2214 990 Aa
2241 917 2468 989 ducta

377 1055 630 1104 secans
690 1056 911 1105 arcus
958 1041 1054 1107 30
1098 1032 1464 1129 graduum
1504 1033 1596 1104 ‘in
1654 1026 2014 1129 quadrato
2076 1032 2465 1120 exteriore,

374 1145 723 1242 parellela
754 1147 894 1219 erit
927 1159 1156 1221 rectae
1191 1147 1348 1232 Br;
1403 1157 1480 1219 et
1504 1158 1904 1243 propterea
1935 1156 2143 1219 recta
2170 1145 2279 1217 Br
2304 1168 2467 1239 pro·

378 1257 600 1331 ducta
635 1258 915 1331 incidet
948 1258 1024 1331 in
1061 1284 1157 1332 a:
1213 1258 1411 1355 qnod
1453 1259 1757 1355 negavit
1807 1258 1953 1331 ille.
2056 1256 2468 1354 Propositio

378 1395 554 1468 ergo
590 1371 749 1444 haec
783 1372 864 1444 xi
890 1384 1139 1445 manet
1171 1372 1632 1445 inconcussa.

481 1484 700 1560 Quod
749 1496 996 1558 autem
1050 1485 1407 1582 sequitur,
1445 1497 1760 1582 tangens
1807 1483 2059 1581 anguli
2104 1482 2472 1578 graduum

378 1595 449 1697 ⁶}
473 1594 516 1691 ξ,-
544 1611 620 1672 et
655 1609 966 1694 tangens
991 1596 1356 1693 graduum
1388 1607 1483 1672 30
1511 1597 1727 1671 simul
1757 1609 2067 1694 sumptae
2102 1607 2275 1669 sunt
2309 1608 2470 1669 toto

381 1711 589 1785 radio
622 1711 968 1803 minoreS‚
993 1711 1307 1784 affirmat
1344 1711 1467 1784 ille
1501 1710 1685 1785 falso
1708 1722 1785 1783 et
1819 1711 1975 1784 sine
2011 1708 2473 1783 demonstra-

379 1827 607 1913 tione,
644 1824 1021 1899 confidens
1056 1824 1324 1897 tabulis
1360 1825 1794 1913 secantium,
1832 1825 2148 1911 sinuum,
2196 1835 2274 1895 et
2308 1834 2473 1895 tan-

379 1940 736 2035 gentium,
808 1962 972 2032 quae
1024 1937 1228 2010 falsae
1291 1949 1510 2010 sunt:
1581 1949 1666 2009 ut
1727 1937 2089 2033 quorum*
2150 1934 2474 2008 calculus

387 2052 756 2150 dependet
777 2051 869 2124 ab
896 2052 1357 2125 extractione
1383 2051 1717 2126 radicum
1741 2049 2292 2148 quadratorum,
2307 2072 2473 2145 quae

382 2190 535 2240 non
569 2177 743 2238 sunt
774 2165 1007 2237 latera
1040 2164 1591 2261 quadratorum,
1618 2187 1861 2261 neque
1896 2163 2195 2236 omnino
2232 2162 2472 2236 lineae.

384 2278 579 2352 Nam
614 2278 689 2350 in
728 2276 1086 2374 quadrato
1122 2277 1408 2367 ABGC,
1445 2288 1763 2374 quatuor
1808 2288 1981 2349 sunt
2034 2274 2396 2372 quadrata
2429 2298 2476 2347 a

384 2404 590 2465 recta
624 2390 774 2463 CO.
883 2390 962 2464 Si
998 2413 1175 2488 ergo
1211 2414 1296 2464 ex
1338 2400 1384 2463 4
1406 2389 1855 2463 ,extrahatur
1891 2387 2127 2476 radix,
2173 2388 2316 2460 erit
2347 2386 2477 2460 illa

383 2504 594 2579 radix
663 2503 832 2580 duo.
947 2504 1113 2579 Duo
1174 2504 1389 2603 quae?
1505 2503 1679 2579 Non
1748 2514 1924 2577 sunt
1993 2501 2140 2576 duo
2207 2498 2474 2575 mikila..

390 2617 574 2692 Quae
622 2628 793 2690 sunt
844 2640 1020 2713 ergo
1070 2641 1190 2691 res
1236 2618 1382 2692 illae
1431 2616 1653 2693 duae?
1757 2617 1931 2690 Non
1966 2628 2139 2689 sunt
2175 2615 2321 2689 duo
2357 2639 2479 2688 ca-

385 2730 582 2803 balli.
663 2730 850 2802 Sunt
873 2753 1051 2825 ergo
1088 2730 1234 2804 duo
1269 2731 1668 2827 quadrata:
1702 2754 2016 2828 quorum
2036 2728 2480 2826 quadratum

386 2842 653 2917 ABGC
689 2854 801 2915 est
835 2852 906 2916 4.
1012 2843 1202 2917 Sunt
1246 2856 1495 2918 autem
1542 2845 1667 2918 illa
1713 2845 1861 2918 duo
1911 2843 2153 2936 (radix
2188 2842 2480 2916 illorum

390 2957 733 3054 quatuor)
798 2956 1107 3053 aequalia
1172 2958 1606 3054 rectangulo
1663 2958 1823 3030 ΑΟ.
1949 2957 2199 3031 Quare
2268 2956 2480 3029 radix

391 3069 728 3168 quadrati
761 3071 854 3143 ab
889 3069 1020 3143 AC
1061 3081 1173 3143 est
1208 3071 1382 3143 AO:
1434 3094 1656 3167 quam
1708 3069 2042 3143 radicem·
2082 3082 2481 3167 geometrae

391 3183 599 3258 mixti
635 3199 934 3258 sumunt
966 3207 1103 3280 pro
1137 3183 1368 3257 latere
1408 3183 1561 3257 AC.

494 3297 716 3373 Quod
749 3309 994 3371 autem
1030 3309 1344 3393 tangens
1373 3306 1470 3372 30
1496 3293 1862 3393 graduum
1889 3318 2040 3368 una
2074 3319 2242 3368 cum
2277 3307 2482 3369 recta

393 3411 519 3484 GL
577 3410 879 3508 aequalis
939 3411 1036 3483 sit
1091 3409 1303 3483 radio
1361 3408 1515 3497 CG,
1571 3406 2038 3479 manifestum
2092 3419 2205 3482 est
2255 3432 2345 3480 ex
2392 3432 2481 3480 eo

397 3524 594 3620 quod
629 3525 752 3596 Aa
791 3523 1055 3596 dividit
1089 3534 1448 3596 sectorem
1484 3520 1679 3594 ACL
1722 3517 2085 3593 bifariam.
2189 3521 2384 3593 Nam
2419 3520 2486 3592 si

398 3636 618 3710 ducta
650 3636 1108 3732 intelligatur
1131 3648 1339 3709 recta
1365 3635 1501 3725 La,
1529 3645 1748 3708 erunt
1771 3635 1877 3707 Ca
1904 3644 1980 3707 et
2008 3635 2120 3707 La
2146 3634 2483 3730 aequales»,

397 3761 475 3822 et
507 3750 819 3845 angulus
852 3750 1029 3823 GLa
1061 3760 1354 3822 rectus:
1410 3759 1486 3822 et
1519 3759 1935 3845 propterea,
1965 3748 2138 3843 quia
2171 3748 2485 3843 angulus

396 3862 585 3935 aGL
617 3876 728 3936 est
762 3865 1213 3950 semirectuS,
1248 3874 1467 3937 erunt
1500 3863 1650 3953 GL,
1679 3863 1791 3936 La
1839 3861 2173 3958 aequales».
2221 3915 2226 3919 -
2282 3861 2488 3935 Quo-

397 3975 596 4048 niam
652 3998 829 4071 ergo
877 3977 991 4049 Ga
1026 3988 1101 4049 et
1134 3977 1265 4049 aC
1294 3974 1509 4050 simul
1571 3986 1883 4072 sumptae
1941 3985 2113 4048 sunt
2172 3974 2487 4070 aequales

398 4088 612 4160 lateri
651 4087 799 4177 CG,
836 4088 1059 4161 etiam
1092 4088 1207 4162 Ga
1243 4100 1317 4178 et
1340 4149 1345 4152 .
1370 4089 1497 4164 GL
1531 4089 1748 4163 simul
1798 4098 2113 4183 sumptae
2171 4088 2488 4184 aequales

404 4211 575 4272 sunt
608 4199 846 4272 eidem
889 4199 1045 4273 GC.
1151 4201 1455 4275 Quanta
1507 4214 1757 4275 autem
1792 4199 1919 4274 GL
1951 4200 2068 4274 vel
2104 4200 2213 4273 Ca
2266 4201 2361 4273 sit
2409 4200 2489 4273 in

1178 4465 1211 4499 ⁴·
1260 4463 1358 4524 Sic
1386 4464 1523 4522 edit.
1563 4466 1733 4522 1669.
