3094 5125
514 475 664 545 282
1161 489 1272 543 nn
1313 489 1651 541 NATURA
1688 488 1960 539 amus

613 653 709 726 A.
768 653 869 727 Ut
923 652 1376 750 diaphanum
1436 654 1816 750 quodlibet
1877 666 1987 727 est
2038 654 2442 750 speculum,
2496 653 2603 726 sic

513 790 804 863 quoque
846 777 1090 863 partes
1146 769 1302 861 ejus
1354 767 2042 862 quantulaecunque,
2078 767 2220 839 nisi
2252 767 2493 862 planae
2528 778 2604 839 et

514 882 591 954 in
627 881 886 954 eodem
935 880 1157 976 plano
1214 881 1382 969 sint,
1427 892 1599 953 sunt
1633 879 1943 953 totidem
1978 879 2297 975 specula,
2334 903 2606 974 reprae-

513 1006 949 1091 sentantque
978 993 1291 1067 totidem
1319 993 1609 1090 objecta
1641 993 1909 1082 lucida,
1930 991 2059 1065 sed
2093 992 2603 1082 minutissima,

514 1132 823 1204 quorum
895 1107 1249 1203 imagines
1316 1105 1669 1180 confertae
1739 1106 2089 1179 exhibent
2156 1130 2306 1179 non
2372 1130 2604 1179 unum

515 1219 842 1294 lucidum
875 1201 1245 1316 magnum,
1272 1219 1403 1293 sed
1437 1244 1526 1293 ex
1565 1219 1905 1292 omnibus
1942 1218 2337 1292 conflatum
2373 1242 2603 1293 unum

515 1333 839 1407 colorem
873 1335 969 1407 ad
1003 1334 1241 1407 lucem
1266 1333 1597 1429 proxime
1632 1332 2127 1419 accedentem,
2150 1356 2369 1428 quam
2392 1357 2603 1406 voca-

516 1470 678 1521 mus
746 1446 1174 1520 albedinem.
1291 1447 1551 1542 Itaque
1621 1470 2038 1542 corporum,
2109 1470 2272 1542 quae
2339 1459 2606 1518 natura

515 1560 680 1633 alba
714 1572 909 1646 sunt,
946 1560 1366 1656 superficies
1413 1570 1756 1633 constant
1807 1583 1897 1631 ex
1938 1559 2458 1655 superficiebus
2493 1559 2604 1632 in-

514 1673 860 1760 numeri8‚
895 1697 1048 1769 prae
1084 1672 1489 1769 exiguitate
1524 1673 1822 1768 quidem
1858 1671 2232 1768 sigillatim
2259 1672 2420 1745 visu
2456 1696 2604 1745 non

513 1786 1137 1884 perceptibilibuS,
1174 1786 1520 1859 convexis
1556 1797 1827 1873 tamen,
1869 1799 1946 1858 et
1980 1809 2114 1881 per
2147 1808 2605 1881 consequens

512 1900 752 1973 lucem
789 1900 896 1972 ita
927 1900 1498 1986 reflectentibuS,
1536 1911 1620 1972 ut
1655 1899 1746 1972 ab
1784 1899 1985 1972 omni
2029 1909 2238 1996 parte
2286 1898 2384 1970 ad
2429 1920 2604 1972 ocu-

515 2013 666 2086 lum
721 2012 1104 2109 pervenire
1159 2012 1394 2108 possit
1451 2022 1741 2085 tantum
1794 2011 2191 2097 radiorum,
2246 2022 2604 2107 quantum

515 2127 782 2200 sufficit
838 2125 934 2199 ad
993 2125 1405 2200 faciendam
1456 2126 1857 2208 visionem;
1911 2124 2106 2221 quod
2164 2123 2460 2221 quidem
2508 2126 2601 2197 ab

513 2263 663 2313 una
698 2239 1027 2334 simplice
1063 2238 1446 2335 superficie
1481 2237 1641 2310 fieri
1677 2261 1822 2309 non
1861 2248 2129 2334 potest.

616 2354 715 2426 B.
773 2353 1085 2428 Qualem
1119 2363 1367 2424 autem
1413 2351 1873 2446 superficiem
1907 2351 2177 2424 babere
2218 2348 2438 2424 debet
2472 2350 2602 2423 ob-

507 2467 816 2561 jectum,
851 2473 936 2537 ut
970 2475 1320 2561 appareat
1356 2462 1647 2559 nigrum
1680 2464 1704 2535 ?

614 2577 708 2653 A.
763 2579 869 2651 Ut
902 2577 1146 2650 album
1180 2576 1348 2665 luci,
1376 2577 1482 2650 ita
1513 2577 1807 2676 nigrum
1840 2577 2161 2650 tenebris
2196 2576 2429 2649 simile
2465 2588 2598 2650 est.

515 2693 612 2765 Et
669 2703 1060 2788 propterea
1113 2690 1533 2788 superficies
1596 2690 1924 2787 corporis
1979 2690 2173 2785 nigri
2225 2689 2391 2763 talis
2444 2713 2604 2764 esse

518 2805 758 2893 debet,
792 2813 877 2877 ut
922 2803 1164 2875 nullus
1215 2803 1464 2876 radius
1505 2804 1655 2898 (vel
1698 2803 2147 2900 paucissimi)
2189 2827 2444 2877 eorum
2479 2804 2606 2900 qui

517 2919 610 2992 ab
647 2916 935 3013 objecto
969 2915 1214 2989 lucido
1251 2916 1327 2989 in
1376 2940 1539 2989 eam
1592 2916 1951 3004 incidunt,
1989 2916 2266 2989 reflecti
2299 2916 2405 2990 ita
2436 2941 2604 3012 pos-

517 3031 634 3121 sit,
669 3043 755 3104 ut
789 3029 886 3103 ad
923 3029 1218 3103 oculum
1253 3029 1639 3124 perveniat
1672 3030 2088 3126 ubicunque
2122 3030 2466 3127 positum.

620 3144 716 3216 B.
777 3142 1212 3219 Qualisnam
1245 3153 1360 3214 est
1395 3141 1520 3214 illa
1549 3142 1573 3214 Ρ

617 3255 710 3329 A.
764 3257 873 3330 Ea
898 3280 1061 3354 quae
1096 3254 1566 3352 componitur
1599 3278 1689 3328 ex
1723 3256 2080 3350 partibuS,
2103 3255 2605 3329 minutissimis

520 3369 816 3466 quidem
850 3382 925 3441 et
960 3393 1123 3464 quae
1158 3369 1395 3441 visum
1442 3366 1749 3462 singulae
1800 3368 2118 3465 fugiunt,
2154 3369 2281 3443 sed
2317 3368 2604 3441 erectis,

520 3485 715 3557 Nam
750 3483 812 3555 si
848 3481 1354 3556 minutissimae
1390 3482 1538 3554 sint
1574 3481 1996 3577 eaedemque
2031 3494 2319 3566 erectae,
2369 3482 2605 3554 omnis

517 3596 766 3677 radius
800 3596 874 3668 in
911 3618 1072 3667 eam
1119 3594 1449 3669 incidens
1484 3619 1529 3668 a
1564 3594 1809 3668 lucido
1860 3596 2152 3690 objecto
2184 3596 2605 3691 ubicunque

519 3708 783 3808 posito,
820 3709 1238 3781 reflectetur
1273 3708 1349 3780 in
1384 3707 1796 3803 subjectum
1834 3731 2122 3805 corpus,
2158 3722 2236 3782 et
2267 3733 2400 3806 per
2435 3733 2608 3782 con-

520 3845 829 3919 sequens
864 3821 959 3894 ad
985 3821 1274 3894 oculum
1298 3821 1547 3893 venire
1577 3844 1724 3893 non
1759 3832 2045 3917 potest:
2083 3835 2157 3896 et
2184 3823 2290 3895 sic
2315 3822 2608 3921 nigrum

519 3960 670 4009 non
704 3947 857 4009 tam
891 3935 1207 4022 videtur,
1258 3958 1477 4030 quam
1514 3959 1559 4007 a
1595 3935 2115 4010 circumstante
2149 3936 2416 4010 visibili
2458 3937 2609 4010 dis-

521 4049 908 4145 tinguitur.

624 4162 721 4235 B.
780 4164 996 4237 Hanc
1057 4163 1288 4259 ipsam
1349 4162 1756 4257 nigredinis
1810 4186 2103 4236 causam
2157 4164 2479 4238 reddidit
2531 4166 2608 4238 in

521 4275 902 4370 frequente
951 4300 1294 4351 consessu
1347 4299 1533 4349 unus
1586 4301 1672 4349 ex
1716 4277 2008 4366 nostriS,
2046 4278 2179 4351 tibi
2210 4279 2398 4352 bene
2434 4303 2608 4375 cog-

522 4388 720 4461 nitus
767 4403 840 4462 et
890 4390 1210 4464 amicus:
1267 4388 1395 4462 sed
1452 4414 1597 4463 non
1651 4390 2036 4484 persuasit.
2148 4392 2606 4487 Responsum
