3094 5125
343 703 642 748 manneus

474 787 514 828 1.

717 500 814 566 20
1143 510 1681 565 ExAMmA'no
1722 512 1824 565 m·
1863 511 2367 564 ΕΜΕΝΒΑΤῙΟ

725 678 1159 752 Orationem
1187 689 1472 754 tractat
1506 680 1788 753 musica
1815 678 2384 752 aliarum—An
2412 689 2498 749 ut
2519 675 2802 748 oratio-

716 816 900 881 nem,
949 817 1043 865 an
1088 807 1172 866 ut
1219 793 1530 868 sonum?
1639 793 1744 867 Ut
1787 815 2047 865 sonum
2106 801 2329 876 certe,
2392 789 2627 885 qualis
2687 799 2806 862 est

716 905 996 978 musica
1026 905 1423 991 hodierna3
1477 927 1894 1001 quanquam
1942 905 2084 977 hoc
2143 902 2460 976 fortasse
2521 902 2802 975 rectius

719 1016 927 1107 dixit,
957 1041 1177 1113 quam
1205 1020 1454 1091 sensit.
1544 1019 1739 1091 Nam
1765 1017 2170 1112 antiquitus
2199 1028 2358 1089 tum
2382 1016 2612 1088 verba
2639 1028 2802 1087 tum

716 1129 976 1204 modos
1032 1156 1470 1228 componere
1530 1131 1858 1227 ejusdem
1918 1141 2078 1202 erat
2137 1130 2317 1203 artis
2369 1129 2804 1202 musicae.—

714 1242 969 1316 Motus
1005 1254 1248 1317 autem
1288 1255 1363 1318 et
1408 1245 1704 1342 pondus
1758 1243 1836 1316 in
1880 1242 2325 1316 mechanicis
2363 1243 2803 1341 praesertim

715 1356 1663 1433 considerantum—Quid?
1766 1356 1884 1429 An
1938 1356 2348 1429 mechanici
2396 1379 2578 1451 opus
2640 1378 2801 1428 esse

712 1480 928 1565 putat
955 1469 1464 1543 demonstrare
1489 1474 1533 1543 2
1618 1468 1756 1542 Vel
1790 1480 2035 1541 motus
2069 1480 2145 1542 et
2177 1468 2523 1565 ponderis
2558 1468 2800 1540 nullas

713 1604 872 1654 esse
919 1583 1252 1679 proprias
1296 1583 1672 1679 passiones
1708 1606 1872 1678 quae
1907 1582 2398 1655 demonstrari
2430 1582 2796 1678 possunt?

715 1698 902 1772 Quis
951 1699 1189 1772 nescit
1248 1701 1516 1790 omnia,
1581 1723 1743 1796 quae
1804 1710 2007 1772 recte
2064 1698 2247 1771 facit
2301 1699 2797 1774 mechanicus,

711 1812 872 1884 fieri
932 1835 1022 1885 ex
1074 1813 1502 1909 praescripto
1558 1823 1636 1885 et
1691 1812 2094 1885 secundum
2155 1812 2446 1907 regulas
2511 1813 2800 1886 mathe-

710 1923 1212 1998 maticorum?
1315 1924 1826 1999 Mathematici
1893 1947 2069 2019 ergo
2136 1935 2276 2013 est,
2342 1935 2429 1997 ut
2486 1924 2801 1997 aliarum

713 2038 1230 2132 quantitatum,
1285 2037 1389 2110 ita
1447 2038 1666 2111 etiam
1714 2048 2047 2110 motuum
2094 2049 2172 2109 et
2224 2036 2639 2134 ponderum
2684 2061 2799 2110 ra-

713 2151 950 2226 tiones
1020 2152 1546 2225 demonstrare.
1683 2150 1908 2223 Vides
1969 2150 2195 2246 igitur
2263 2174 2484 2246 quam
2552 2174 2801 2223 crassa

710 2263 871 2337 haec
907 2275 1077 2336 sunt
1101 2263 1410 2336 Walllsu
1442 2261 1900 2359 professoriS,
1932 2276 2008 2335 et
2040 2264 2133 2335 ab
2169 2276 2423 2358 ἀκριβείᾳ
2439 2280 2800 2359 ἐπιςημονικῃ

712 2376 971 2449 aliena.
1073 2375 1221 2448 Sed
1275 2374 1683 2448 doctrinam
1740 2375 2111 2449 rationum
2168 2398 2462 2450 omnem
2519 2375 2800 2449 fatetur

712 2487 1318 2561 considerationis
1370 2510 1527 2560 esse
1587 2488 1705 2562 vel
1750 2488 2262 2579 arithmeticae,
2323 2488 2442 2561 vel
2496 2512 2799 2587 geome-

712 2603 972 2686 tricae;
1022 2625 1262 2698 neque
1303 2603 1563 2692 nescit,
1616 2605 1863 2693 credo,
1920 2605 2098 2701 ipsis
2153 2604 2564 2678 rationibus
2626 2625 2798 2678 suas

676 2796 681 2800 ,
711 2739 869 2789 esse
904 2727 1144 2790 certas
1180 2715 1629 2811 quantitates
1659 2746 1677 2791 ε
1729 2742 1904 2790 nam
1938 2742 2088 2791 una
2137 2718 2327 2791 ratio
2380 2718 2619 2813 major
2650 2717 2800 2790 alia

709 2830 826 2902 vel
862 2830 1098 2903 minor
1144 2853 1300 2904 esse
1345 2841 1608 2926 potest.
1729 2832 1865 2904 Est
1932 2854 2109 2927 ergo
2173 2830 2363 2904 ratio
2420 2831 2798 2926 quantitas

709 2942 1006 3040 proprie
1041 2943 1260 3033 dicta,
1289 2943 1508 3016 etiam
1544 2966 1636 3016 ex
1663 2943 2000 3018 doctrina
2030 2944 2243 3017 illius,
2319 2943 2799 3040 Respondeat

710 3057 888 3130 mihi
916 3058 1095 3153 jam,
1129 3071 1379 3130 utrum
1413 3080 1760 3129 numerus
1795 3057 1891 3129 sit
1923 3058 2137 3131 ratio.
2209 3055 2554 3152 Negabit,
2581 3068 2795 3153 puto·

712 3171 863 3245 Qui
910 3172 995 3244 fit
1041 3194 1240 3267 ergo,
1291 3181 1377 3243 ut
1422 3180 1787 3243 tractetur
1831 3170 1909 3243 in
1962 3169 2448 3257 arithmetica,
2501 3181 2576 3243 et
2636 3170 2798 3245 sola

712 3284 1028 3379 quidem,
1065 3295 1151 3357 ut
1185 3284 1306 3357 ille
1333 3284 1490 3357 vult
1515 3279 1542 3357 Ρ
1622 3284 1926 3369 RursuS,
1953 3296 2204 3357 utrum
2230 3283 2420 3357 ratio
2447 3284 2541 3357 sit
2574 3282 2795 3372 linea,

707 3397 825 3470 vel
884 3397 1322 3492 superficieS,
1369 3396 1484 3469 vel
1546 3395 1885 3469 solidum.
2006 3396 2212 3470 Nihil
2269 3396 2557 3469 horum.
2651 3397 2791 3469 Vel

711 3509 1083 3605 quantitas
1144 3510 1515 3598 continua,
1553 3508 1668 3581 vel
1717 3509 2054 3583 discreta.
2162 3510 2524 3582 Neutram
2571 3508 2788 3583 dicet.

713 3622 862 3696 Qui
897 3624 983 3696 fit
1016 3645 1215 3719 erge,
1251 3635 1333 3696 ut
1368 3634 1733 3696 tractetur
1768 3622 1845 3694 in
1879 3645 2063 3718 pure
2098 3622 2689 3696 mathematicis?

809 3735 906 3808 B.
963 3734 1043 3832 Si
1111 3736 1324 3825 ratic,
1383 3759 1624 3831 neque
1684 3735 2035 3809 continua
2094 3736 2490 3830 quantitas,
2549 3760 2792 3832 neque

710 3846 1026 3922 discreta
1059 3848 1179 3939 sit,
1223 3874 1373 3924 non
1408 3849 1698 3923 videtur
1733 3848 1990 3922 saltem
2039 3849 2216 3921 mihi
2273 3849 2573 3924 omnino
2632 3873 2791 3923 esse

710 3962 1104 4057 quantitas,

806 4073 898 4148 A.
955 4074 1155 4149 Quid
1189 4075 1342 4148 ita?
1441 4077 1520 4149 Si
1557 4077 1719 4172 quis
1754 4075 2240 4173 quantitatem
2287 4099 2578 4148 omnem
2622 4098 2788 4147 con-

707 4188 980 4262 tinuam
1008 4188 1134 4261 ve}
1157 4213 1296 4261 non
1331 4190 1747 4263 continuam
1782 4213 1941 4263 esse
1969 4189 2270 4278 diceret,
2295 4187 2787 4261 necessarium

704 4299 978 4375 faceret
1013 4314 1095 4374 ut
1148 4303 1384 4376 omnis
1426 4304 1799 4398 quantitas
1853 4303 2207 4376 alterutra
2261 4325 2512 4374 earum
2568 4313 2783 4374 esset.

710 4413 858 4487 Sed
906 4439 1057 4489 non
1112 4416 1309 4490 idem
1353 4416 1686 4515 sequitur
1732 4441 1821 4491 ex
1866 4415 2219 4490 divisione
2261 4415 2336 4488 in
2373 4414 2787 4488 continuam
