3094 5125
247 582 411 625 PnoP.
442 583 506 625 11.

599 377 749 445 362
1047 392 1160 448 DE
1199 391 1804 445 MAGmTumNE
1845 390 2210 444 cmcum.

600 558 804 632 tione
839 561 884 632 3
920 558 1013 632 ad
1060 569 1085 632 l
1134 560 1509 634 continua.
1594 560 1868 634 Centro
1895 560 1956 633 Ο
1992 558 2198 633 radio
2227 558 2374 630 ΟΜ
2412 558 2692 631 descri-

601 673 820 746 batur
851 696 1065 746 arcus
1098 673 1525 770 quadrantis
1565 674 1722 748 MN
1756 708 1774 759 ;
1811 675 1986 747 item
2014 673 2223 747 radio
2251 674 2372 747 DS
2410 673 2693 746 descri-

599 785 817 858 batur
850 810 1063 861 arcus
1089 787 1518 885 quadrantis
1550 789 1687 879 ST,
1724 800 1799 863 et
1832 789 2038 862 radio
2072 788 2186 861 SC
2226 787 2691 861 describatur

602 922 816 972 arcus
851 900 1281 997 quadrantis
1317 902 1464 975 CZ.

704 1012 1073 1087 Quoniam
1119 1039 1295 1112 ergo
1342 1015 1674 1111 potentia
1724 1014 1856 1087 DC
1901 1013 2123 1109 tripla
2167 1024 2278 1086 est
2331 1013 2686 1110 potentiae

606 1124 773 1215 ΟΜ,
811 1126 953 1199 erit
999 1127 1336 1223 potentia
1368 1151 1582 1200 arcus
1632 1126 1754 1200 ST
1796 1126 2017 1223 tripla
2068 1127 2423 1223 potentiae
2466 1149 2684 1199 arcus

606 1237 765 1322 CZ;
820 1250 896 1312 et
927 1263 1139 1313 arcus
1175 1241 1307 1313 BD
1343 1239 1643 1337 aequalis
1678 1240 1991 1314 arcubus
2025 1239 2382 1313 ambobus
2435 1239 2550 1311 ST
2604 1253 2686 1313 et

606 1351 747 1425 CZ.
848 1353 980 1427 Est
1036 1364 1284 1427 autem
1338 1354 1672 1451 potentia
1718 1353 1945 1427 totius
1998 1377 2212 1427 arcus
2273 1353 2406 1427 BD
2463 1352 2687 1449 tripla

603 1466 952 1561 potentiae
988 1490 1200 1540 arcus
1230 1467 1433 1550 MN;
1470 1477 1544 1539 et
1579 1490 1624 1538 a
1649 1477 1808 1539 tota
1832 1465 1980 1538 ΒΜ
2006 1478 2090 1539 ut
2116 1465 2683 1555 semidiametro,

604 1579 1012 1677 descriptus
1047 1605 1260 1655 arcus
1295 1579 1722 1677 quadrantis
1761 1580 1928 1652 Mm
1963 1580 2263 1675 aequalis
2309 1580 2450 1653 erit
2500 1579 2684 1652 utri-

604 1715 744 1788 que
780 1694 995 1766 simul
1045 1695 1248 1768 arcui
1297 1694 1452 1783 BD,
1491 1693 1675 1765 MN.
1777 1693 1910 1766 Est
1956 1716 2130 1789 ergo
2164 1705 2251 1766 ut
2286 1693 2410 1766 BC
2450 1694 2688 1787 (recta

604 1807 1009 1902 composita
1042 1831 1131 1880 ex
1168 1808 1281 1880 Bs
1315 1818 1388 1880 et
1422 1806 1559 1895 SC,
1589 1828 1897 1901 quarum
1932 1806 2287 1902 potentiae
2321 1817 2495 1878 sunt
2520 1817 2605 1878 ut
2636 1816 2684 1879 3

604 1919 698 1993 ad
742 1921 812 2014 l)
853 1920 949 1993 ad
996 1944 1248 1992 arcum
1285 1920 1414 1993 BD
1470 1920 1988 2015 (compositum
2042 1943 2130 1991 ex
2177 1921 2491 1992 arcubus
2544 1920 2685 2006 ST,

605 2033 751 2119 CZ,
787 2056 1096 2130 quorum
1131 2033 1482 2129 potentiae
1517 2044 1690 2105 sunt
1717 2045 1800 2105 ut
1830 2041 1874 2104 3
1902 2033 1999 2104 ad
2042 2035 2139 2125 1),
2167 2032 2274 2104 ita
2308 2056 2521 2104 arcus
2552 2033 2684 2105 BD

603 2146 699 2220 ad
766 2170 1018 2219 arcum
1079 2146 1241 2218 Mm
1304 2145 1820 2241 (compositum
1890 2167 1979 2216 ex
2039 2145 2352 2217 arcubus
2415 2144 2545 2218 BD
2607 2159 2686 2218 et

604 2259 789 2348 MN,
814 2283 1126 2355 quorum
1161 2259 1511 2355 potentiae
1547 2257 1726 2329 item
1759 2270 1933 2331 sunt
1965 2269 2050 2331 ut
2088 2266 2132 2330 3
2173 2257 2269 2330 ad
2316 2260 2401 2350 l).
2493 2258 2686 2331 Sunt

604 2398 780 2469 ergo
815 2384 1021 2446 recta
1056 2371 1205 2460 ΒΟ,
1241 2394 1454 2444 arcus
1506 2369 1660 2457 BD,
1707 2383 1783 2443 et
1840 2394 2055 2445 arcus
2116 2370 2281 2443 Mm
2336 2372 2686 2444 continue

608 2484 1221 2584 proportionales,

707 2598 852 2673 Sed
886 2610 1089 2671 recta
1124 2598 1249 2670 BC
1289 2609 1403 2671 est
1431 2595 1970 2671 semidiameter
2005 2598 2285 2686 circuli,
2316 2600 2523 2695 cujus
2555 2622 2687 2693 pe-

604 2713 886 2785 rimetri
940 2735 1152 2784 arcus
1212 2710 1343 2784 BD
1397 2725 1513 2784 est
1565 2734 1735 2808 pars
1787 2723 2072 2808 quarta.
2178 2712 2426 2787 Quare
2480 2725 2686 2786 recta

605 2848 768 2921 quae
810 2836 922 2897 est
973 2824 1274 2919 aequalis
1318 2824 1522 2896 arcui
1568 2824 1724 2909 BD,
1759 2826 1903 2898 erit
1951 2823 2490 2898 semidiameter
2543 2827 2686 2900 cir-

604 2937 751 3010 culi
784 2937 992 3034 cujus
1017 2935 1394 3032 perimetri
1427 2958 1642 3009 arcus
1671 2936 1835 3009 Mm
1870 2948 1982 3010 est
2012 2960 2182 3033 pars
2215 2949 2496 3033 quarta.
2551 2938 2687 3011 Est

605 3075 783 3149 ergo
821 3051 966 3124 BM
1003 3050 1303 3146 aequalis
1337 3050 1542 3123 arcui
1585 3050 1740 3123 BD.

709 3163 985 3238 Coroll.
1090 3164 1438 3260 Sequitur
1480 3163 1654 3236 hinc
1703 3173 1977 3235 rectam
2030 3187 2194 3259 quae
2235 3164 2534 3261 aequalis
2568 3175 2683 3237 est

605 3278 808 3351 arcui
844 3277 985 3366 CZ,
1012 3276 1298 3350 radium
1333 3300 1490 3350 esse
1526 3275 1783 3349 circuli
1820 3277 2166 3371 descripti
2202 3300 2246 3348 a
2282 3277 2451 3366 ΟΜ,
2485 3276 2685 3350 ideo-

604 3415 745 3488 que
779 3414 1030 3464 arcum
1068 3390 1188 3462 CZ
1223 3390 1580 3487 aequalem
1632 3412 1788 3463 esse
1822 3401 2046 3464 rectae
2094 3390 2264 3479 ΟΜ,
2303 3405 2379 3465 et
2430 3415 2683 3465 arcum

607 3506 722 3579 ST
756 3504 1110 3601 aequalem
1147 3527 1304 3577 esse
1341 3516 1564 3577 rectae
1605 3502 1750 3575 ΒΟ.

1303 3714 1802 3766 PROPOSITIO
1854 3715 1981 3766 111.

708 3847 938 3919 Recta
972 3844 1088 3917 PC
1124 3842 1344 3939 dupla
1376 3854 1488 3917 est
1522 3841 1956 3917 differentiae
2007 3844 2204 3917 inter
2254 3845 2686 3942 semidiago-

606 3960 846 4034 nalem
882 3971 957 4034 et
991 3956 1481 4045 semiradium‚
1510 3956 1914 4053 eademque
1950 3956 2192 4031 media
2220 3959 2685 4055 proportion-

606 4075 739 4147 alis
774 4074 966 4146 inter
1000 4073 1142 4146 ΟΜ
1180 4084 1255 4145 et
1288 4071 1517 4167 ipsius
1551 4069 1949 4142 semissem.

707 4185 1128 4282 Diagonalis
1164 4184 1359 4258 enim
1394 4182 1524 4256 ΑΟ
1561 4181 1823 4255 dividit
1869 4206 2120 4256 arcum
2173 4184 2301 4256 BD
2339 4182 2681 4256 bifariam

606 4300 683 4373 in
720 4300 797 4373 P.
903 4300 1232 4373 Ducatur
1282 4297 1412 4373 QP
1465 4297 1666 4370 sinus
1722 4308 1966 4369 rectus
2020 4320 2233 4370 arcus
2291 4296 2433 4385 BP,
2473 4320 2675 4370 com-
