3094 5125
297 720 433 761 cAP.
464 719 640 763 xvul.

327 790 610 822 κ-Ὓ-κ

300 835 368 878 De
387 835 536 880 radice

301 902 540 954 numerica,
557 905 638 944 etc.

694 514 842 580 440
996 526 1101 579 ΒΕ
1142 526 1602 579 PRINCIPIIS
1645 526 1745 578 ET
1782 525 2507 579 RATIOCINATIONE

695 694 1192 791 multiplicatis
1236 702 1425 769 1000
1459 694 1771 791 pedibus
1805 717 1940 791 per
1983 716 2368 768 numerum
2423 699 2596 781 100,
2633 691 2811 765 ori-

694 820 818 880 tur
852 808 1082 880 cubus
1108 833 1154 881 a
1186 817 1344 880 toto
1381 807 1632 880 latere.
1737 808 2144 881 Potuerunt
2175 806 2432 880 eadem
2455 805 2803 892 ratione,

694 921 927 994 diviso
977 921 1206 995 latere
1244 920 1585 1016 quadrati
1616 920 1977 1008 bifariam,
2014 944 2107 992 ex
2162 918 2802 1015 multiplicatione

695 1044 740 1108 2
777 1035 855 1106 in
881 1044 926 1108 2
963 1035 1440 1130 pronuntiare
1474 1045 1788 1130 quatuor
1823 1034 2236 1107 semilatera
2269 1031 2578 1128 aequalia
2613 1054 2797 1103 esse

693 1146 833 1243 ipsi
869 1146 1252 1243 quadrato,

797 1260 981 1333 Haec
1027 1270 1113 1333 tu
1156 1260 1586 1334 absurdiora
1636 1283 1792 1334 esse
1844 1261 2160 1358 putabis,
2196 1282 2418 1357 quam
2453 1267 2538 1330 ut
2569 1257 2791 1354 quis-

693 1397 913 1468 quam
947 1373 1053 1447 ita
1084 1384 1569 1470 computaret.
1655 1374 1801 1448 Sed
1837 1374 1942 1448 ita
1976 1387 2089 1448 est
2118 1403 2136 1448 z
2188 1398 2328 1448 nec
2362 1371 2649 1459 moniti,
2675 1371 2787 1443 ab

693 1485 818 1558 illa
871 1488 1418 1583 computatione
1472 1486 1854 1560 desistunt.
1960 1488 2078 1562 Ita
2112 1486 2562 1583 computavit
2592 1507 2789 1579 geo-

690 1611 927 1672 metra
960 1600 1281 1696 quidam,
1318 1601 1467 1697 qui,
1503 1612 1807 1697 propter
1842 1601 2111 1673 librum
2146 1624 2362 1697 quem
2398 1596 2786 1692 inscripsit

694 1712 1203 1805 Mesolabium,
1241 1715 1549 1788 celebris
1599 1726 1762 1787 est:
1819 1715 2280 1811 monitusque
2336 1710 2626 1799 erroriS‚
2663 1733 2781 1782 re·

696 1826 993 1922 spondit
1024 1827 1132 1900 ita
1164 1851 1242 1900 se
1288 1838 1752 1923 computasse
1799 1827 1990 1900 sicut
2043 1835 2567 1923 computat-unt
2597 1846 2778 1919 geo-

695 1951 952 2011 metrae
1020 1962 1272 2012 omnes
1322 1940 1449 2035 qui
1504 1938 1827 2026 fuerunt,
1875 1939 2001 2036 qui
2048 1949 2244 2027 sunt,
2298 1950 2374 2011 et
2423 1935 2547 2031 qui
2598 1946 2779 2030 post

697 2062 913 2123 erunt
946 2050 1109 2124 aliis
1144 2052 1220 2123 in
1254 2053 1489 2125 annis,
1593 2051 1795 2124 Nihil
1830 2076 2006 2148 ergo
2050 2052 2175 2125 hic
2220 2050 2600 2124 calumniae
2632 2060 2773 2121 est.

699 2163 900 2237 Quid
943 2176 1190 2238 autem
1235 2166 1398 2240 illos
1431 2191 1477 2239 a
1509 2189 1727 2239 sensu
1779 2165 2152 2239 communi
2205 2163 2551 2238 seducere
2604 2175 2771 2236 tan-

695 2289 855 2351 tum
888 2279 1183 2375 potuit?

793 2391 1101 2489 Decepit
1134 2392 1318 2481 illos,
1355 2392 1615 2489 primo,
1650 2392 1817 2465 idea
1850 2392 2190 2489 quadrati
2225 2388 2511 2463 numeri
2536 2386 2772 2484 qualis

696 2504 1141 2601 appingitur,
1176 2505 1251 2577 in
1288 2529 1432 2600 qua
1464 2505 1697 2578 latera
1744 2505 2230 2603 multiplicata
2263 2504 2341 2578 in
2377 2525 2457 2577 se
2488 2501 2771 2576 faciunt

698 2640 1081 2691 numerum
1119 2617 1582 2712 quadratum.

798 2729 1160 2817 Secunde,
1196 2728 1482 2827 decepit
1513 2731 1701 2818 illos,
1737 2731 1937 2829 quod
1979 2731 2427 2806 crediderint
2460 2728 2770 2804 eandem

697 2865 854 2915 esse
908 2865 1085 2930 rem,
1128 2843 1613 2940 multiplicare
1659 2858 1904 2941 partes
1957 2846 2149 2918 inter
2199 2868 2277 2918 se

696 2968 771 3029 et
841 2954 1108 3028 ducere
1175 2979 1401 3028 unum
1489 2955 1679 3029 latus
1758 2958 1836 3031 in
1913 2959 2266 3031 alterum:
2402 3001 2418 3017 ·

688 3073 903 3166 juxta
945 3069 1184 3143 ideam
1237 3070 1576 3167 quadrati
1619 3071 2044 3167 geometrici
2079 3071 2267 3160 talis,

694 3184 820 3256 ubi
852 3183 995 3256 tria
1028 3183 1256 3257 latera
1282 3183 1766 3280 multiplicata
1797 3209 1929 3281 per
1959 3195 2004 3259 3
2030 3208 2272 3281 aequa-
2401 3168 2417 3183 ⁶

693 3298 791 3370 lia
825 3321 978 3370 esse
1012 3297 1268 3370 volunt
1301 3297 1438 3394 ipsi
1472 3299 1851 3395 quadrato.

792 3409 1066 3499 Tertio,
1115 3411 1404 3508 decepit
1456 3413 1621 3486 illos
1680 3411 2083 3485 authoritas
2134 3412 2275 3484 Ar-

694 3522 1070 3612 chimediS,
1120 3526 1360 3621 (cujus
1408 3525 1722 3598 hominis
1774 3536 2076 3622 propter
2117 3537 2272 3598 stu·
2385 3527 2743 3708 §a

690 3636 1213 3735 pendissimum
1248 3639 1627 3735 ingenium
1652 3640 2100 3712 mentionem
2130 3640 2270 3712 hoc

693 3750 856 3823 loco
897 3749 1170 3822 invitus
1222 3749 1475 3845 facio),
1515 3752 1639 3848 qui
1687 3752 2269 3848 magnitudinem
2381 3710 2742 3896 BR

694 3862 1305 3937 circumferentiae
1340 3865 1594 3938 circuli
1640 3890 1771 3963 per
1817 3867 2033 3963 hujus
2068 3866 2266 3939 modi

693 3976 1374 4073 multiplicationem
1402 3975 1906 4053 demonstrare
1928 3993 2234 4053 conatus
2262 3992 2394 4054 est.
2459 3984 2762 4076 Deinde,

693 4089 960 4162 saeculo
1005 4089 1338 4186 proxime
1390 4094 1786 4186 superiore,
1823 4092 1902 4164 in
1948 4092 2227 4166 calculo
2264 4093 2763 4171 subtensarum

692 4202 946 4276 eadem
984 4203 1329 4276 methodo
1366 4227 1537 4277 usus
1574 4215 1687 4278 est
1721 4205 2173 4302 Copernicus
2209 4218 2286 4280 et
2321 4208 2762 4305 Regiomon-

693 4329 909 4389 tanus
935 4317 1011 4389 in
1040 4316 1377 4391 doctrina
1401 4319 1958 4416 triangulorum,
1979 4331 2056 4392 et
2080 4333 2449 4416 postremo
2473 4321 2761 4399 Clavius

692 4430 767 4501 iu
828 4430 1095 4504 tabulis
1158 4432 1559 4507 condendis
1621 4436 1934 4522 sinuum,
1986 4436 2474 4531 tangentium,
2523 4448 2597 4511 et
2652 4462 2759 4512 se-

692 4543 1036 4615 cantium.
