3094 5125
813 518 1444 570 MATHEMATmAE
1487 518 1972 570 HomaRNAE.
2297 505 2423 570 131

337 682 521 756 ratio
560 684 1020 780 aequalitatis
1072 685 1312 758 media
1372 699 1487 759 est
1545 686 1742 757 inter
1794 686 2154 758 rationem
2214 709 2433 781 quam
2518 710 2812 750 munaus

338 796 557 869 habet
596 798 979 892 quantitas
1019 798 1114 871 ad
1157 800 1672 893 quantitatem,
1709 811 1784 871 et
1817 799 2176 871 rationem
2215 822 2435 894 quam
2517 862 2527 875 ,
2626 792 2712 830 ¹¹¹·
2789 859 2805 875 ,

341 909 561 983 habet
615 910 938 1006 privatio
987 913 1413 1006 quantitatis
1464 911 1559 984 ad
1606 913 2092 1007 privationem
2143 913 2437 1008 quanti-

348 1024 514 1095 tatis
545 1056 564 1106 ;
604 1038 681 1096 et
711 1025 1048 1119 proinde,
1077 1027 1569 1121 quantitatem
1606 1026 1910 1098 rationis
1958 1049 2178 1122 quam
2214 1026 2437 1098 habet

352 1136 618 1232 aequale
654 1137 750 1210 ad
792 1137 1103 1233 aequale,
1138 1163 1294 1211 esse
1330 1138 1534 1211 nihil.
1641 1140 1988 1235 Sequitur
2026 1140 2267 1237 Caput
2303 1142 2437 1212 tri-

357 1250 718 1337 cesimum,
758 1249 854 1322 de
893 1251 1260 1323 rationum
1295 1252 1848 1346 compositione.

447 1363 541 1435 B.
595 1363 1010 1436 Differatur
1041 1364 1101 1435 si
1138 1364 1266 1454 vis,
1303 1364 1379 1438 in
1419 1365 1614 1437 diem
1648 1365 2075 1438 crastinum.

871 1921 1373 1995 DIALOGUS
1429 1921 1929 1996 QUARTUS.

446 2239 543 2311 A.
596 2241 877 2314 ΕΤῙΑΜ
919 2238 1311 2312 hodiernus
1344 2238 1560 2311 nobis
1601 2262 1842 2311 sermo
1880 2249 2080 2311 totus
2112 2239 2265 2310 fere
2301 2239 2442 2312 erit

356 2352 441 2424 de
473 2352 916 2425 rationibus.
1023 2352 1286 2447 Capite
1339 2363 1703 2447 praesente
1741 2351 1831 2424 de
1865 2351 2234 2424 rationum
2282 2353 2439 2449 agit

353 2467 903 2561 compositione,
940 2476 1160 2560 prout
1194 2465 1544 2538 definitur
1577 2465 1670 2537 ab
1708 2463 2009 2537 Euclide
2051 2465 2310 2558 (Elem.
2343 2467 2437 2540 vi.

351 2581 566 2654 defin.
604 2581 777 2675 ult.)
815 2610 832 2653 ε
887 2580 1114 2653 Ratio
1163 2606 1258 2652 ea·
1292 2578 1706 2652 rationibus
1756 2581 2088 2677 componi
2143 2581 2441 2670 dicitur,

352 2694 645 2792 quando
681 2694 1047 2765 rationum
1092 2692 1552 2790 quantitates
1594 2692 1791 2764 inter
1822 2717 1903 2764 se
1935 2694 2447 2792 multiplicatae

353 2808 677 2901 afficiunt
711 2807 1038 2904 aliquam
1076 2805 1453 2892 rationem,
1476 2806 1554 2878 in
1588 2806 1871 2896 Graeco,
1907 2824 2029 2878 ma
2053 2824 2244 2894 λόγον.
2324 2809 2445 2880 Sic

353 2919 548 2991 enim
620 2919 916 2992 invenio
978 2920 1052 2990 in
1113 2918 1301 2991 libro
1371 2917 1753 3014 cujusdam
1812 2919 2181 3013 anonymi,
2245 2920 2445 2994 edito

353 3033 756 3107 centesimo
793 3032 1110 3105 abhinc*
1180 3055 1400 3120 anno,
1438 3032 1513 3104 in
1567 3055 1711 3127 quo
1768 3043 1938 3104 sunt
1985 3032 2446 3105 definitiones

352 3159 426 3219 et
484 3146 1028 3242 propositiones
1087 3144 1411 3218 Euclidis
1480 3169 1736 3218 omnes
1804 3146 2057 3219 Graece
2126 3145 2442 3241 scriptae.

350 3260 661 3333 Wallisii
723 3259 933 3347 liber,
996 3271 1078 3332 ut
1128 3258 1442 3348 videtur,
1501 3258 1665 3331 loco
1727 3259 1944 3355 hujus
2001 3258 2446 3333 definitionis

350 3373 542 3446 hanc
569 3373 797 3445 habet
827 3400 845 3444 :
905 3372 1218 3457 Quando
1248 3371 1616 3445 rationum
1643 3372 2098 3468 quantitates
2132 3372 2330 3445 inter
2363 3396 2447 3445 se

352 3485 865 3585 multiplic-alce
934 3485 1229 3582 aliquas·
1298 3487 1704 3581 affecerint.
1812 3486 1998 3561 Quae
2068 3485 2233 3558 duae
2299 3485 2448 3558 lec-

350 3602 588 3674 tiones
652 3624 873 3673 sensu
917 3598 1102 3672 nihil
1154 3599 1525 3672 differunt.
1632 3599 1826 3670 Nam
1861 3599 1923 3671 si
1959 3598 2104 3670 duo
2151 3600 2448 3672 termini

352 3716 565 3788 unius
594 3714 906 3787 rationis
940 3713 1522 3808 multiplicentur
1558 3713 1634 3784 in
1674 3711 1856 3785 duos
1886 3712 2236 3783 terminos
2273 3712 2449 3785 alte-

348 3829 499 3901 rius
534 3827 872 3915 rationiS,
909 3825 986 3898 id
1022 3838 1158 3914 est,
1195 3825 1639 3899 antecedens
1668 3826 1745 3897 in
1780 3823 2336 3898 antecedentem
2374 3839 2449 3898 et

348 3963 817 4037 consequens
852 3940 927 4012 in
976 3951 1572 4035 consequentem,
1609 3938 1887 4012 orietur
1923 3939 2110 4012 ratio
2146 3963 2235 4011 ex
2272 3938 2445 4010 dua·

342 4056 475 4129 bus
526 4054 679 4128 illis
735 4052 1144 4125 rationibus
1187 4054 1637 4147 composita;
1689 4051 1807 4124 vel
1842 4051 2043 4147 quod
2077 4051 2272 4124 idem
2308 4063 2444 4140 est,

338 4171 684 4244 orientur
748 4163 914 4238 duae
976 4167 1426 4262 quantitates
1497 4189 1807 4261 quarum
1871 4166 2058 4237 ratio
2115 4175 2448 4260 aequatur

842 4428 876 4463 *
921 4431 1076 4488 Edit.
1117 4433 1266 4489 1660
1294 4442 1354 4488 et
1391 4433 1559 4501 1668,
1595 4432 1726 4486 “ab
1755 4429 1967 4485 hunc.''

2130 4546 2183 4595 K
2221 4551 2249 4597 2
