3094 5125
1028 517 1700 571 GEOMRTRARUM.
2259 506 2409 571 463

425 686 793 777 SecundO,
819 685 1107 760 tabulas
1142 685 1459 774 sinuum,
1496 685 1983 782 tangentium,
2031 696 2110 758 et
2155 708 2409 758 secan-
2464 715 2600 756 cu».
2623 713 2802 754 xxm.

322 803 512 876 tium
541 800 835 898 egregie
870 800 1090 873 falsas
1126 822 1282 873 esse
1312 831 1331 884 ;
1383 810 1780 896 propterea
1831 799 2031 895 quod
2089 799 2412 872 calculus
2440 783 2782 899 „effi

325 940 583 990 eorum
653 913 1022 1010 dependet
1079 937 1125 985 a
1189 912 1502 987 veritate
1571 914 1838 987 horum
1918 912 2232 986 duorum
2300 936 2414 985 as·
2438 905 2842 1022 ffffissmg'gffss

325 1040 837 1126 sumptorum:
907 1037 969 1101 1.
1029 1026 1272 1100 Radix
1321 1025 1613 1099 numeri
1674 1025 2205 1124 quadratorum
2264 1049 2416 1098 non
2441 1043 2522 1081 etc-
2811 1041 2819 1052 ·

325 1155 440 1216 est
487 1164 838 1215 numerus
879 1139 1431 1238 quadratorum,
1483 1139 1617 1213 sed
1665 1140 2048 1214 linearum.
2154 1149 2226 1213 2.
2264 1138 2417 1212 Nu·

326 1279 612 1328 merum
650 1254 1013 1328 linearum
1063 1278 1198 1351 per
1248 1276 1641 1327 numerum
1675 1253 2179 1350 (simpliciter)
2236 1252 2420 1325 mul-

324 1366 763 1464 tiplicatum,
819 1366 1065 1439 facere
1126 1389 1516 1439 numerum
1577 1366 2127 1463 quadratorum.
2231 1365 2421 1439 Cum

327 1481 525 1553 enim
552 1479 992 1578 quadratum
1027 1504 1074 1553 a
1104 1492 1311 1554 recta
1338 1480 1752 1576 composita
1783 1503 1874 1553 ex
1908 1479 2117 1554 radio
2145 1490 2222 1553 et
2254 1491 2422 1552 tan-

326 1606 549 1690 gente
608 1601 705 1667 30
749 1592 1117 1689 graduum
1168 1592 1449 1689 aequale
1498 1593 1596 1666 sit
1647 1592 1903 1667 decem
1955 1592 2331 1689 quadratis
2377 1617 2424 1666 a

329 1707 758 1781 semiradio:
811 1706 873 1780 si
907 1716 1229 1803 ponatur
1268 1705 1702 1780 semiradius
1739 1714 1961 1796 5000,
2001 1717 2220 1780 erunt
2271 1718 2423 1779 tres

330 1824 703 1901 semiradii
773 1831 1013 1900 15000
1073 1848 1211 1921 pro
1274 1825 1437 1898 BN.
1544 1824 2010 1900 Quadratum
2070 1835 2318 1897 autem
2378 1849 2423 1897 a

330 1938 723 2014 semiradio
801 1949 917 2011 est
996 1945 1425 2025 25000000,
1504 1952 1582 2013 et
1658 1937 2101 2036 quadratum
2169 1962 2216 2011 a
2283 1938 2421 2011 BN

331 2059 817 2128 2250000002
856 2075 1022 2147 quae
1059 2050 1206 2124 duo
1242 2050 1607 2147 quadrata
1656 2051 1872 2125 simul
1923 2063 2216 2147 sumpta
2249 2065 2425 2124 sunt

332 2172 809 2253 250000000,
846 2164 967 2237 cui
1016 2164 1298 2259 aequale
1333 2174 1447 2237 est
1480 2164 1923 2260 quadratum
1958 2189 2004 2238 a
2041 2165 2186 2239 ΒΜ
2224 2188 2423 2237 com-

332 2278 577 2376 posita
616 2301 709 2351 ex
753 2276 963 2350 radio
1017 2287 1095 2351 et
1144 2287 1497 2374 tangente
1552 2285 1648 2353 30
1693 2278 2080 2376 graduum.
2183 2278 2424 2351 Radix

332 2403 580 2466 autem
662 2389 953 2464 numeri
1031 2398 1482 2466 250000000
1553 2402 1666 2465 est
1742 2400 2093 2465 15811—
2115 2416 2425 2487 quarum

331 2504 653 2602 partium
706 2503 958 2578 radius
1013 2517 1129 2579 est
1171 2510 1435 2579 10000.
1539 2503 2013 2602 Relinquitur
2063 2528 2242 2603 ergo
2289 2528 2425 2602 pro

333 2629 690 2713 tangente
727 2624 823 2692 30
857 2618 1222 2713 graduum
1258 2618 1914 2714 5811—proxime.
1984 2618 2119 2691 Est
2152 2630 2424 2708 autem,

335 2729 416 2803 in
454 2730 724 2803 tabulis
758 2731 1246 2826 tangentium,
1294 2754 1429 2826 pro
1471 2731 1628 2826 ejus
1682 2730 2099 2827 quantitate
2145 2732 2428 2828 positus

337 2866 687 2918 numerus
711 2848 805 2925 57
811 2849 854 2926 7
860 2852 1030 2932 3—‚
1058 2844 1183 2940 qui
1218 2855 1329 2917 est
1357 2867 1567 2918 error
1592 2845 1948 2919 momenti
1975 2845 2153 2920 satis
2178 2845 2430 2941 magni

337 2957 419 3030 in
453 2955 753 3030 calculis
788 2957 1322 3046 astronomiciS,
1351 2971 1428 3031 et
1462 2959 1542 3032 in
1577 2960 1860 3035 calculo
1894 2962 2433 3058 triangulorum

341 3093 490 3165 quo
524 3079 839 3141 utuntur
870 3070 1428 3166 agrimensores.
1534 3071 1804 3145 Iisdem
1854 3075 2236 3172 principiis
2267 3098 2433 3171 quae

341 3180 630 3257 ostendi
694 3205 916 3277 supra
973 3206 1132 3256 esse
1197 3183 1408 3271 falsa,
1469 3185 1874 3259 attribuere
1933 3198 2172 3283 potes,
2232 3187 2434 3285 quod

339 3295 714 3393 quantitas
749 3294 1027 3387 circuli,
1063 3320 1110 3369 a
1141 3296 1427 3394 magnis
1460 3297 1775 3394 ingeniis
1809 3301 2010 3373 omni
2043 3326 2198 3376 aevo
2233 3326 2434 3399 quae-

342 3410 588 3500 situm,
653 3409 969 3482 inveniri
1021 3419 1273 3483 tamen
1332 3433 1483 3484 non
1536 3412 1882 3507 potuerit.
1989 3413 2177 3489 Quis
2237 3415 2434 3489 enim

340 3522 854 3619 praejudicium
887 3522 1353 3597 Archimedis
1387 3546 1540 3597 non
1566 3527 1986 3601 vereretur?
2053 3529 2215 3603 Etsi
2247 3530 2435 3603 liber

345 3637 501 3731 ejus
537 3635 631 3709 de
666 3635 1146 3710 Dimensione
1188 3636 1479 3711 Circuli
1528 3662 1679 3713 non
1736 3641 1917 3714 mihi
1949 3641 2287 3715 videatur
2336 3644 2431 3716 ab

345 3749 507 3846 ipso
563 3748 850 3833 editus;
905 3750 1237 3824 continet
1294 3751 1490 3825 enim
1545 3764 1697 3828 tres
1754 3766 2044 3829 tantum
2096 3756 2433 3852 proposi-

345 3862 609 3952 tioneS,
646 3885 784 3934 nec
831 3884 955 3935 eas
997 3863 1258 3937 ordine
1293 3890 1439 3961 quo
1474 3868 1807 3963 oportuit
1843 3869 2258 3966 dispositaS,
2294 3893 2433 3943 nec

348 3973 540 4047 sicut
588 3972 713 4046 alii
769 3974 926 4070 ejus
970 3975 1142 4048 libri
1186 3976 1280 4049 ad
1317 4000 1732 4075 quenquam
1767 3981 1892 4075 qui
1927 4004 2052 4055 eos
2099 3981 2434 4055 conside-

348 4099 547 4160 raret
580 4086 865 4174 missus,
900 4087 1032 4160 sed
1076 4099 1162 4162 ut
1216 4089 1337 4162 cui
1376 4093 1701 4166 nondum
1759 4116 2058 4167 manum
2100 4093 2433 4166 ultimam

348 4198 778 4296 imposuerit
832 4199 1031 4296 apud
1088 4225 1166 4275 se
1221 4214 1575 4294 retentus,
1634 4205 1727 4278 ab
1789 4205 1948 4278 aliis
2007 4207 2435 4303 geometriae·

349 4312 592 4385 minus
626 4311 883 4407 peritis
915 4325 1085 4409 post
1118 4325 1432 4390 mortem
1475 4319 1634 4414 ejus
1668 4317 1936 4391 editus·

452 4423 813 4499 Doctrina
845 4438 1118 4520 autem,
1149 4441 1226 4503 et
1252 4430 1412 4526 ipsa
1446 4431 1749 4506 nomina
1781 4431 2097 4523 sinuum,
2125 4443 2434 4530 tangen-
