3094 5125
1390 1273 1520 1346 AD
1575 1273 2127 1348 LECTOREM.

610 1685 931 1767 QUISQmS
959 1706 1027 1749 es
1057 1685 1164 1770 qui
1196 1685 1557 1773 Physicam,
1590 1688 1657 1752 id
1696 1694 1816 1766 est,
1866 1687 2199 1753 scientiam
2250 1709 2584 1751 causarum
2636 1694 2896 1752 natura·

611 1801 785 1880 lium,
808 1825 935 1867 non
965 1804 1031 1867 in
1063 1811 1128 1869 te
1158 1804 1299 1890 ipso
1330 1805 1581 1890 quaeris,
1615 1807 1727 1870 sed
1758 1807 1822 1870 in
1853 1806 2033 1871 libris
2050 1806 2520 1892 magistrorum,
2546 1806 2897 1870 cavendum

609 1922 730 1988 tibi
761 1930 863 1989 est
890 1946 970 1988 ne
999 1933 1115 1991 aut
1155 1949 1383 2011 parum
1430 1927 1771 2013 intelligas,
1804 1934 1920 1992 aut
1972 1926 2298 1991 intellecta
2349 1948 2476 1990 non
2527 1932 2703 1990 recte
2750 1949 2894 2011 sup-

606 2048 812 2126 putes.
907 2043 1159 2108 Natura
1187 2045 1400 2110 omnia
1429 2068 1543 2130 per
1574 2046 1935 2110 conflictum
1964 2046 2102 2132 agit
2130 2067 2484 2130 corporum,
2506 2053 2718 2109 motus
2747 2067 2896 2109 suos

600 2162 725 2227 sibi
754 2170 978 2228 mutuo
1007 2164 1522 2249 imprimentium.
1572 2165 1806 2251 Itaque
1836 2166 1903 2230 in
1932 2166 2229 2231 conflictu
2260 2167 2528 2230 (luorum
2557 2188 2895 2251 corporum

604 2290 742 2348 tam
770 2283 1107 2348 fluidorum
1139 2307 1329 2369 quam
1359 2286 1681 2364 durorum,
1715 2287 1766 2351 si
1821 2287 2141 2372 intelligas
2186 2286 2252 2350 in
2305 2294 2578 2371 utroque
2629 2309 2895 2372 corpore

604 2402 813 2488 qualis
841 2403 960 2468 fiat
988 2409 1218 2480 motus,
1251 2404 1318 2467 id
1348 2411 1466 2481 est,
1500 2427 1628 2489 qua
1656 2405 1760 2469 via
1801 2415 1870 2470 et
1918 2380 2211 2490 quantus,
2261 2406 2345 2469 ad
2400 2405 2741 2490 Physicam
2788 2428 2894 2470 ac-

600 2524 791 2590 cedes
812 2524 1016 2589 lector
1044 2546 1172 2589 non
1203 2524 1558 2604 inidoneuS,
1592 2533 1660 2592 et
1689 2533 1975 2592 motuum
1996 2550 2241 2605 causae,
2266 2535 2439 2593 recte
2461 2530 2892 2614 supputandO,

604 2645 884 2709 invenies
936 2644 1166 2709 saltem
1216 2645 1596 2730 probabiles
1690 2648 2009 2714 Oaeterum
2060 2647 2115 2711 si
2163 2646 2548 2711 dictionibus
2593 2648 2892 2714 inanibus

602 2772 962 2842 contentus,
994 2765 1310 2830 videberis
1339 2765 1458 2830 tibi
1512 2766 1868 2853 intelligere
1915 2790 2055 2853 quae
2104 2766 2373 2852 intelligi
2420 2790 2550 2831 non
2600 2776 2888 2852 possunt,

600 2892 788 2950 tanto
817 2884 1060 2951 errabis
1089 2886 1311 2972 magis,
1346 2893 1587 2971 quanto
1617 2887 1853 2951 rectius
1882 2886 2361 2951 ratiocinabere.
2425 2886 2506 2950 In
2536 2887 2714 2951 libris
2732 2887 2890 2973 phy-

603 3005 877 3069 sicorum
906 3006 1112 3070 multa
1141 3014 1482 3071 occurrunt
1511 3029 1649 3091 quae
1679 3007 1821 3092 capi
1853 3029 1979 3071 non
2003 3014 2305 3092 possunt:
2342 3007 2558 3092 qualia
2578 3014 2728 3072 sunt
2745 3031 2887 3093 quae

604 3125 902 3190 dicuntur
931 3125 1011 3188 de
1040 3125 1467 3192 rarefactione
1497 3133 1565 3192 ct
1594 3127 2111 3205 condensatione‚
2145 3127 2224 3191 de
2255 3127 2634 3192 substantiis
2665 3127 2885 3192 imma-

601 3242 953 3317 terialibus,
987 3244 1067 3309 de
1096 3244 1410 3322 essentiis,
1443 3252 1512 3310 et
1539 3245 1670 3310 alia
1698 3246 1902 3310 multa
1927 3271 1942 3310 :
1971 3269 2113 3331 quae
2143 3246 2197 3309 si
2227 3247 2538 3310 conabere
2568 3247 2885 3332 explicare

602 3363 809 3428 verbis
838 3361 1109 3441 illorum,
1141 3362 1399 3448 inepte:
1450 3363 1502 3427 si
1534 3364 1684 3443 tuis,
1718 3365 1875 3430 nihil
1905 3365 2097 3431 dices.
2191 3365 2347 3431 Haec
2398 3365 2678 3431 monitus
2723 3367 2882 3452 lege,

590 3482 831 3566 judica,
864 3481 1135 3567 ignosce.
1232 3483 1418 3548 Vale.
