3094 5125
681 461 827 527 466
1495 478 1604 530 DE
1653 479 1951 531 manns

1447 855 1982 930 APPENDIX.

781 1027 968 1101 Cum
1012 1028 1089 1101 in
1141 1028 1292 1102 fine
1335 1027 1615 1127 Capitis
1655 1032 1809 1105 xxii
1853 1057 1942 1106 ex
1988 1032 2165 1105 data
2221 1029 2473 1127 anguli
2533 1029 2773 1103 omni-

678 1140 901 1215 moda
968 1143 1293 1215 sectione
1374 1143 1806 1218 divisionem
1874 1146 2097 1219 etiam
2165 1143 2469 1217 rationis
2539 1142 2774 1217 omni-

679 1253 975 1327 modam
1027 1255 1345 1328 inveniri
1394 1258 2012 1355 praesumpserim,
2064 1256 2144 1331 id
2194 1282 2394 1331 nunc
2455 1257 2586 1355 qui
2639 1258 2780 1330 fiat*

678 1377 1104 1441 ostensurus
1140 1392 1327 1442 sum.

790 1590 902 1642 DE
939 1591 1240 1645 MEDIIS
1281 1592 2123 1648 PROPORTIONALIBUS
2162 1594 2257 1646 IN
2299 1593 2662 1646 GENERE.

711 1765 972 1818 INTER
1012 1768 1231 1822 DUAS
1280 1770 1596 1822 RECTAS
1643 1770 1908 1823 DATAS
1948 1770 2372 1824 INVENIRE
2414 1769 2731 1822 MEDIAS

1024 1881 1779 1937 PROPORTIONALES
1826 1882 2432 1942 QUOTCUNQUE.

677 2006 881 2081 SmT
939 2007 1178 2104 primo
1239 2010 1702 2084 inveniendae
1765 2010 1931 2085 duae
1978 2011 2241 2085 mediae
2301 2010 2496 2084 inter
2557 2009 2768 2082 datas

674 2144 1171 2218 quascunque,
1208 2122 1340 2196 AB
1390 2126 1742 2220 majorem
1789 2136 1867 2197 et
1901 2124 2038 2196 AV
2070 2124 2431 2197 minorem
2488 2121 2642 2218 (fig.
2673 2123 2766 2213 i).

774 2233 939 2307 Fiat
987 2235 1082 2307 ab
1118 2236 1252 2308 AB
1305 2236 1749 2333 quadratum
1785 2233 2104 2310 ABCD:
2160 2246 2235 2309 et
2285 2235 2362 2307 in
2414 2234 2770 2307 lateribus

672 2344 833 2436 AB,
864 2345 1008 2420 AD
1046 2360 1432 2422 sumantur
1468 2348 1632 2439 ΑΕ,
1668 2348 1828 2439 AF,
1874 2362 2190 2446 utraque
2233 2347 2536 2444 aequalis
2591 2345 2761 2419 AV.

772 2460 977 2533 Inter
1003 2459 1139 2533 AB
1167 2471 1244 2534 et
1265 2459 1403 2533 ΑΕ
1425 2461 1844 2535 inveniatur
1878 2461 2121 2535 media
2143 2462 2290 2550 Aa,
2318 2460 2438 2533 cui
2466 2459 2766 2556 aequalis

672 2576 751 2647 in
800 2574 1032 2648 latere
1079 2573 1222 2647 AD
1278 2586 1611 2648 sumatur
1657 2576 1809 2649 Ab:
1868 2577 2326 2673 ducaturque
2374 2573 2498 2661 ab,
2546 2597 2768 2670 quam

674 2687 900 2760 ducta
935 2687 1341 2783 diagonalis
1376 2685 1508 2762 AC
1542 2690 1954 2763 necessario
1990 2690 2268 2764 secabit
2310 2687 2654 2762 bifariam
2688 2699 2768 2759 et

672 2799 769 2872 ad
803 2799 1114 2894 angulos
1151 2811 1394 2872 rectos
1432 2800 1511 2872 in
1547 2801 1623 2874 d.

774 2912 1108 2986 Ducatur
1158 2912 1380 2985 etiam
1432 2914 1835 3010 diagonalis
1888 2916 2046 3003 BD,
2085 2938 2343 2988 secans
2384 2911 2517 2988 AC
2553 2914 2631 2986 iu
2665 2912 2767 2985 N.

674 3026 935 3121 Itaque
971 3023 1127 3115 AC,
1156 3023 1293 3100 BD
1330 3029 1684 3103 secabunt
1733 3053 1810 3103 se
1861 3042 2119 3103 mutuo
2170 3029 2509 3102 bifariam
2544 3040 2620 3102 et
2669 3027 2768 3101 ad

672 3139 981 3235 angulos
1016 3152 1259 3228 rectos
1292 3141 1372 3214 in
1407 3141 1505 3214 N.

772 3253 817 3325 J
822 3264 1194 3348 ungantur
1230 3255 1373 3345 Da,
1414 3255 1545 3341 bE,
1570 3255 2027 3352 ducaturque
2071 3256 2195 3329 EF
2229 3278 2485 3328 secans
2521 3252 2652 3329 AC
2686 3254 2768 3326 in

673 3391 717 3438 ο
737 3392 768 3449 ;
818 3377 1180 3463 eruntque
1215 3367 1386 3459 AN,
1421 3368 1569 3458 Ad,
1606 3369 1723 3442 Ao
1757 3370 2108 3443 continue
2152 3367 2766 3465 proportionaleS‚

672 3479 751 3552 iu
786 3479 1042 3552 eadem
1077 3481 1361 3555 ratione
1396 3506 1565 3555 cum
1601 3483 1824 3556 rectis
1859 3481 2022 3571 AB,
2055 3481 2198 3571 Aa,
2229 3480 2390 3570 AE,
2420 3482 2572 3555 sive
2594 3478 2767 3570 AD,

674 3591 818 3682 Ab,
868 3589 1001 3665 AF
1027 3623 1045 3677 ;
1101 3602 1178 3665 et
1235 3606 1458 3668 rectae
1507 3593 1669 3681 BD,
1715 3592 1832 3685 ab,
1886 3594 2008 3666 EF
2059 3595 2406 3668 continue
2456 3617 2770 3691 propor-

670 3707 1008 3781 tionaleS.

775 3820 1049 3895 Centro
1104 3819 1201 3909 N,
1253 3819 1461 3894 radio
1516 3819 1588 3894 N
1591 3819 1679 3911 B,
1732 3819 2194 3895 describatur
2242 3844 2457 3894 arcus
2509 3819 2770 3893 circuli

671 3931 827 4023 BG,
880 3958 1137 4008 secans
1185 3934 1306 4007 Da
1355 3933 1796 4031 productam
1856 3935 1936 4008 in
1988 3934 2085 4008 G:
2139 3934 2321 4007 item
2375 3946 2634 4007 centro
2686 3932 2767 4023 d,

668 4046 879 4120 radio
915 4048 1042 4138 da,
1081 4046 1541 4121 describatur
1594 4069 1810 4122 arcus
1857 4046 2116 4120 circuli
2171 4069 2303 4145 ag,
2351 4069 2605 4119 secans
2656 4045 2768 4119 bE

666 4160 1106 4257 productam
1142 4161 1216 4234 in
1248 4185 1334 4259 g,
1371 4159 1831 4255 ducaturque
1870 4159 2002 4258 dg.

772 4275 1139 4349 Quoniam
1190 4298 1366 4371 ergo
1415 4285 1525 4346 est
1570 4286 1656 4347 ut
1685 4272 1826 4345 AD
1864 4273 1962 4346 ad
1998 4273 2141 4362 Aa,
2197 4273 2301 4345 ita
2335 4270 2478 4360 Aa,
2524 4271 2599 4344 id
2649 4283 2771 4345 est

670 4385 813 4477 Ab,
849 4386 946 4460 ad
980 4386 1142 4478 AE,
1169 4396 1385 4460 erunt
1420 4387 1563 4476 Da,
1594 4385 1699 4460 bE
1725 4386 2116 4483 parallelae,
2153 4396 2230 4459 et
2261 4384 2513 4481 anguli
2543 4382 2764 4476 BDa,
