3094 5125
556 475 702 553 272
968 518 983 533 „
1195 493 1303 544 DE
1344 493 1688 546 NATURA
1722 493 1995 545 Annis,

561 680 712 730 una
756 681 925 730 cum
971 681 1294 753 appenso
1336 658 1660 755 pondere
1696 657 2092 731 ascendere
2126 679 2359 751 usque
2393 655 2486 728 ad
2524 678 2643 749 cy-

557 770 780 842 lindri
814 771 1333 844 summitatem.
1386 772 1553 844 Jam
1590 773 1650 843 si
1685 771 1887 844 locus
1922 796 1966 844 a
2000 782 2321 844 retracto
2350 780 2644 841 suctore

554 883 855 957 relictus
880 908 1153 957 vacuus
1188 896 1371 973 erat,
1407 885 1775 980 quomodo
1810 908 2121 958 vacuum
2158 883 2362 969 illud,
2397 880 2475 953 id
2501 894 2640 969 est,

556 995 739 1068 illud
789 996 998 1085 nihil,
1051 996 1341 1092 pondus
1404 998 1702 1069 omnino
1762 997 2054 1070 trahere
2110 993 2404 1091 potuit?
2509 993 2641 1065 Sin

554 1108 760 1181 locus
786 1109 910 1182 ille
934 1132 1099 1181 aere
1126 1120 1284 1183 erat
1310 1110 1593 1206 plenuS,
1623 1110 1888 1207 quibus
1915 1109 2215 1182 funibus
2242 1108 2638 1194 attrahere,

555 1223 820 1317 quibus
865 1223 1072 1295 uncis
1120 1247 1467 1319 prensare
1521 1225 1763 1319 potuit
1813 1222 2235 1296 suctorem?
2342 1223 2641 1296 Quanta

554 1335 664 1407 vis
702 1335 828 1408 illa
875 1336 1173 1409 elastica
1227 1336 1415 1410 aeris
1475 1338 1761 1410 externi
1824 1348 2007 1424 erat,
2060 1360 2204 1432 qua
2253 1335 2639 1431 plusquam

555 1462 850 1522 centum
883 1450 1232 1522 librarum
1267 1449 1554 1547 pondus
1588 1474 1879 1523 rursum
1912 1452 1989 1522 in
2042 1446 2373 1546 cylindro
2407 1471 2636 1535 aene0,

554 1579 631 1639 et
665 1567 940 1640 suctori
973 1592 1106 1663 per
1140 1569 1388 1640 omnia
1421 1581 1702 1664 puncta
1736 1568 2112 1664 contiguO,
2149 1580 2490 1639 coactum
2526 1578 2638 1637 est

553 1680 1004 1754 ascendere?
1126 1682 1433 1754 Haerent
1489 1681 1612 1755 hic
1665 1682 1924 1755 nostri.
2029 1678 2423 1756 Quomodo
2477 1679 2637 1752 haec

555 1792 898 1889 expedies
932 1793 1065 1866 tu?

656 1906 755 1980 A.
808 1906 1168 2003 Expedivi
1204 1920 1398 1982 ante.
1503 1909 1655 1981 Aer
1689 1909 1883 1982 enim
1910 1933 1956 1980 a
1983 1908 2424 1981 retractione
2473 1930 2638 1978 suc-

554 2021 738 2094 toris
772 2031 970 2093 retro
1003 2021 1278 2116 pulsuS,
1315 2045 1452 2094 nec
1502 2022 1747 2095 locum
1803 2023 1881 2094 in
1916 2022 2190 2095 mundo
2224 2022 2336 2111 (ut
2370 2044 2637 2117 suppo-

553 2135 797 2206 nimus
843 2133 1090 2230 pleno)
1126 2159 1270 2230 quo
1323 2158 1399 2207 se
1456 2135 1768 2231 recipiat
1801 2133 2204 2223 invenienS,
2241 2133 2382 2205 nisi
2419 2157 2636 2229 quem

552 2248 733 2344 ipse,
771 2271 1082 2342 corpora
1117 2248 1464 2343 contigua
1499 2249 1647 2320 suis
1682 2247 1860 2320 locis
1904 2247 2207 2343 pellens,
2244 2246 2384 2319 sibi
2441 2246 2636 2319 face-

552 2371 693 2449 ret,
729 2373 1085 2456 perpetua
1118 2360 1451 2457 pulsione
1483 2361 1560 2433 in
1590 2361 2001 2458 cylindrum
2021 2360 2318 2434 tandem
2347 2361 2637 2455 cogitur

552 2486 763 2547 tanta
789 2473 1176 2545 velocitate
1212 2474 1409 2545 inter
1442 2473 1755 2570 cylindri
1783 2497 2178 2547 concavam
2205 2487 2281 2546 et
2323 2474 2635 2546 suctoris

554 2610 956 2660 convexam
977 2587 1460 2682 superficiem,
1491 2600 1770 2683 quanta
1791 2588 2232 2684 respondere
2259 2589 2444 2661 solet
2463 2589 2634 2660 viri-

553 2700 689 2772 bus
756 2699 898 2772 illis
966 2701 1249 2796 magnis
1320 2725 1500 2797 quas
1568 2701 1666 2774 ad
1714 2717 2078 2775 suctorem
2139 2701 2635 2774 revellendum

553 2813 1001 2885 necessarias
1027 2815 1308 2910 experti
1345 2815 1542 2888 estis.
1645 2815 1795 2887 Aer
1829 2828 2075 2887 autem
2110 2814 2231 2887 ille
2268 2839 2414 2910 qua
2439 2815 2635 2887 velo-

553 2926 777 2999 citate
811 2926 1242 3020 ingreditur,
1280 2927 1587 3000 eandem
1634 2928 2003 3023 ingressus
2057 2928 2349 3011 retinet,
2387 2928 2634 3000 simul-

555 3063 697 3136 que
731 3040 961 3113 latera
996 3040 1306 3137 cylindri
1352 3042 1562 3131 aenei,
1598 3041 1671 3114 vi
1721 3041 2023 3114 elastica
2071 3040 2384 3137 praediti,
2420 3043 2634 3114 undi-

553 3177 842 3249 quaque
902 3154 1224 3227 distinet.
1330 3152 1660 3227 Conatur
1720 3178 1897 3249 ergo
1959 3177 2109 3243 aer,
2166 3154 2243 3226 in
2299 3154 2633 3249 cylindro

550 3267 1024 3340 vehementer
1058 3279 1325 3357 motus»,
1355 3280 1614 3341 contra
1642 3292 1896 3341 omnes
1943 3279 2188 3365 partes
2223 3270 2634 3365 superficiei

553 3380 867 3476 cylindri
894 3405 1231 3455 concavae
1258 3410 1274 3453 :
1311 3381 1582 3455 frustra
1605 3381 1898 3477 quidem
1922 3380 2099 3454 dum
2125 3394 2375 3455 suctor
2402 3392 2635 3454 retra-

551 3493 754 3567 hitur
795 3522 814 3585 3
867 3495 996 3567 sed
1056 3519 1277 3591 quam
1344 3496 1665 3590 primum
1734 3508 1986 3569 suctor
2049 3519 2271 3568 manu
2332 3496 2635 3568 emissus

550 3630 796 3680 aerem
829 3608 1204 3706 impellere
1264 3622 1523 3697 cessat,
1554 3633 1679 3682 aer
1734 3609 1856 3682 ille
1907 3611 2032 3705 qui
2077 3623 2248 3683 ante
2302 3608 2634 3681 incuss'us

551 3734 735 3808 erat,
763 3734 1066 3817 propter
1100 3733 1446 3793 conatum
1481 3721 1559 3793 in
1595 3746 1812 3795 omne
1840 3736 2196 3819 punctum
2224 3721 2637 3817 superficiei

550 3833 864 3930 cylindri
885 3834 1195 3906 internae
1228 3845 1306 3906 et
1339 3834 1487 3906 vim
1514 3835 1679 3907 aeris
1717 3835 2088 3908 elasticam
2118 3835 2520 3908 insinuabit
2555 3858 2633 3908 se

549 3946 746 4020 inter
782 3947 1073 4020 easdem
1110 3948 1528 4042 superficies
1565 3948 1821 4021 eadem
1855 3949 2245 4022 velocitate
2302 3973 2448 4044 qua
2499 3949 2636 4021 im-

550 4059 801 4156 pulsus
835 4061 1096 4150 fuerat,
1150 4058 1228 4132 id
1268 4072 1406 4149 est,
1441 4084 1528 4133 ea
1564 4061 1951 4134 velocitate
2012 4086 2178 4157 quae
2236 4062 2638 4158 respondet

549 4173 826 4248 viribus
892 4173 1368 4271 impulsionis.
1486 4175 1564 4247 Si
1633 4198 1811 4271 ergo
1872 4187 2080 4248 tanta
2132 4175 2480 4271 ponderis
2525 4176 2634 4248 vis

553 4289 830 4360 suctori
866 4287 1327 4385 appendatur
1376 4300 1653 4382 quanta
1714 4311 2061 4361 manuum
2115 4290 2226 4361 vis
2288 4301 2446 4361 erat
2492 4312 2637 4383 qua

551 4399 1088 4496 impellebatur,
1112 4400 1461 4474 velocitas
1489 4426 1636 4498 qua
1669 4400 1864 4474 idem
1886 4425 2011 4474 aer
2032 4425 2072 4474 e
2096 4400 2427 4498 cylindro
2458 4400 2606 4474 exit
